2310 3876
462 129 702 192 -174-

143 285 246 406 ,fiper
264 282 399 354 tritum]
423 282 453 337 id
476 283 553 352 quod
576 283 698 338 traditur
716 285 827 354 piperis
850 285 912 341 triti
933 301 1067 340 mensuram

80 355 141 409 cxci
162 356 215 408 isse
234 354 359 408 indicare
377 354 496 422 videtur,
517 356 566 409 sed
585 357 723 424 Apsyrtos
741 373 768 424 p.
786 361 836 410 119
852 359 987 425 ουγχρίωυ
1000 357 1067 410 αὐτόν

80 422 145 497 baio)
165 423 258 479 στέατι
276 425 325 480 καὶ
344 421 442 496 ῥητίνη
466 427 646 497 τερεβινδίνη
670 425 718 479 καὶ
742 432 819 498 κηρῷ
843 427 892 480 καὶ
914 426 1022 497 υιενιέρει
1035 447 1067 481 τε·

77 494 215 569 τριμμένῳ
234 494 470 566 ἀναμεμιγμένοις
484 491 574 578 έλαίιμ.
603 496 702 566 Veget.
716 496 742 550 V
752 501 823 565 46,4
838 498 1008 567 singularum
1020 515 1066 567 spe
1104 478 1107 581 β

78 569 184 622 cierum
203 585 347 623 mensuras
367 567 402 622 de
421 584 470 622 suo
490 565 609 622 addidit.
1104 604 1107 633 ,

147 638 250 693 multi
273 656 351 694 ervo
376 640 474 693 cocto
498 654 522 693 e.
537 655 563 706 q.
579 638 612 708 s]
640 639 778 706 Apsyrtus
803 634 894 707 ἕτεροι
917 640 948 694 δὲ
971 639 1065 712 ὀρόβους
1104 638 1107 677 ἵ

77 703 233 777 ἑψήσαντες
251 715 288 782 τῷ
306 709 389 764 ddum
408 712 592 763 καταντλοῖοσι
609 710 661 777 τὴν
679 707 806 777 κεφαλὴν
831 709 881 763 καὶ
904 711 960 765 ἀπὸ
978 714 1063 780 κριόιλν
1103 724 1107 803 ρ

76 781 109 834 δέ
129 782 197 835 αὐτὸ
216 789 353 836 ποιοῦσιν.
381 781 405 835 si
414 780 499 835 fidem
509 781 643 835 hebemus
653 779 775 834 Hierocli
785 797 814 849 p.
825 785 886 844 122,
901 781 1063 851 Hieronymus

75 852 131 906 ista
149 852 254 920 docuit,
274 869 358 920 quem
376 850 489 921 saepius
507 852 557 906 ille
576 851 787 918 commemorat,
807 850 840 905 cf.
856 851 963 922 proleg.
977 871 1000 922 p.
1014 856 1046 906 10.

146 925 256 992 potior
276 919 409 992 piperis
428 937 536 991 grana
555 939 578 976 e.
593 940 619 990 q.
635 922 669 993 a]
683 921 822 990 Apsyrtus
837 939 865 988 p.
882 928 934 976 120
948 921 1064 991 πεπέρεως

79 993 198 1056 κόκκους
217 991 295 1060 δέκα,
314 991 435 1061 κόχρυος
452 993 483 1047 τὸ
503 995 572 1060 ibor,
590 993 686 1061 νίτρου
705 992 790 1060 ὁλκὴν
809 993 887 1061 μίαν,
907 993 976 1048 duod
993 998 1064 1062 Κυρη-

79 1073 179 1119 ναϊκοῦ
198 1063 296 1132 ἡλίκον
315 1063 431 1132 κυάμου.
469 1081 519 1131 pro
537 1062 659 1133 κόχρυος
681 1065 850 1133 Pelagonius
873 1066 978 1120 cedride
998 1065 1063 1128 deut,

60 1137 125 1196 ,sed
154 1136 297 1204 scripsisse
325 1151 389 1189 eum
411 1141 443 1190 αλ
470 1152 558 1203 supra
580 1136 693 1204 pondua
721 1135 768 1187 vix
795 1134 961 1190 crediderim
984 1136 1063 1203 (Vege-

76 1206 131 1259 tius
154 1211 200 1269 §8
219 1206 326 1260 cedride
347 1206 604 1272 ponderumque,
630 1205 767 1276 interpres
794 1205 909 1274 omisit).
945 1204 1062 1261 notandus

77 1276 295 1344 discrepantiae:
328 1275 449 1346 μέγεθος
481 1277 554 1343 quod
584 1279 682 1331 auctor
713 1278 809 1330 noster
836 1275 867 1330 in
895 1294 945 1331 suo
972 1274 1062 1346 Apsyrti

78 1345 205 1415 exemplo
224 1346 341 1416 invenit,
360 1364 417 1401 non
435 1348 514 1402 extat
527 1347 558 1400 in
572 1348 695 1416 Gryneei
709 1347 840 1413 editione,
854 1348 926 1417 legit
938 1349 1061 1416 interpres,

76 1418 125 1486 qui
143 1418 239 1472 tamen
257 1435 314 1473 non
333 1417 418 1487 ὁλκὴν
436 1418 512 1485 nitri,
531 1418 579 1473 sed
598 1419 714 1488 οόγγίαν
732 1418 815 1487 ponit
829 1419 978 1487 (mietueae
990 1417 1063 1474 λοιιυυέ

77 1488 223 1559 (Ῑγνιυιοῖσιι
236 1491 376 1561 plebeium
390 1491 427 1545 ad
437 1491 653 1560 moestitudinem
662 1491 744 1557 fabae
753 1488 910 1560 Vegetius).
925 1490 959 1545 cf.
970 1489 1063 1544 Eichen-

76 1560 135 1614 feld
149 1562 249 1616 Annal.
269 1561 390 1617 Vindob.
405 1565 441 1614 44
454 1580 481 1630 p.
498 1567 556 1615 147.

145 1632 217 1685 vini
237 1634 367 1704 summi]
388 1633 467 1687 οἴνου
487 1632 609 1693 εόόυδους
626 1629 739 1699 Apsyrt.
754 1648 781 1698 p.
794 1635 854 1684 120.
883 1632 952 1700 Veg.
968 1631 991 1684 V
1005 1631 1062 1696 4⁶,ss

73 1703 134 1756 ciet
151 1705 247 1758 eeterie
265 1710 375 1774 summi,
391 1703 459 1759 ibid.
475 1715 489 1768 ς
506 1708 539 1761 10
557 1719 619 1758 eum
642 1703 698 1756 ολιο
716 1703 818 1770 optimo
841 1707 867 1757 et
889 1704 1063 1758 mmeramme.

74 1771 108 1826 cf.
124 1773 219 1843 Pelag.
236 1780 277 1830 82.
294 1781 346 1830 380
366 1777 452 1830 oleum
469 1791 612 1841 summum,
632 1778 663 1826 11
685 1773 823 1841 liquamen
839 1789 981 1828 summum.

147 1846 342 1916 λιβανωτοῦ
362 1845 464 1906 ὁλκὰς
481 1851 572 1914 τρεῖς
591 1863 613 1900 e.
629 1861 655 1911 q.
671 1842 703 1912 s]
719 1842 827 1898 omittit
841 1841 987 1914 interpres,
1005 1843 1065 1914 λιβυ-

78 1923 167 1968 υιοτοῦ
187 1915 272 1977 ὁλκὰς
285 1923 366 1984 τρεῖς,
386 1916 452 1977 ἁλὸς
469 1916 500 1969 τὸ
524 1915 585 1970 όοον
608 1914 755 1984 Apsyrtos.
793 1912 931 1982 Vegetius
949 1921 964 1981 ξ
979 1923 994 1970 9
1011 1912 1065 1969 λκυόι

76 1987 194 2039 cribrati
217 1993 242 2042 ιλ
265 1989 332 2041 solie
354 1989 415 2042 triti
438 1993 530 2040 ternae
551 1989 666 2054 uarice,
688 1986 737 2039 sed
759 1984 824 2040 vide
848 1984 984 2042 lectiones
1002 1982 1065 2041 codd.

74 2053 155 2107 Corb.
171 2058 201 2108 et
219 2056 311 2123 Goth,
329 2057 358 2110 in
378 2056 479 2125 quibus
497 2055 582 2125 ὁλκὴν
601 2057 689 2111 latere
709 2054 847 2110 Gesnerus
866 2058 1016 2126 perspexit.

144 2123 201 2178 269
230 2127 312 2180 haec
340 2126 440 2180 multi
464 2155 499 2166 -
527 2143 585 2181 nos
612 2132 646 2182 et
674 2127 933 2182 consuetudine
961 2131 995 2182 et
1019 2141 1066 2181 usu

72 2194 191 2262 potius
209 2195 292 2251 haec
311 2215 335 2252 ε.
350 2214 375 2323 β.
392 2197 425 2268 s]
444 2205 532 2251 ταῦτα
551 2197 602 2266 μέν
622 2193 740 2259 έκεῖνοις
759 2198 867 2266 εἴρηται
885 2199 1014 2268 μεγάλοις
1029 2197 1068 2250 όν·

72 2264 180 2333 δροόοιν,
200 2265 280 2336 ἡμεῖς
298 2267 329 2322 δέ

72 2336 120 2391 sed
136 2355 201 2391 num
216 2343 292 2395 recta
306 2357 360 2395 αεκ
372 2343 465 2413 petiae
479 2339 634 2408 scripserim
649 2341 706 2394 iam
722 2340 835 2405 dubit03
849 2357 904 2395 νεα
918 2344 1069 2412 scriptorem

71 2407 100 2477 (i.
117 2425 139 2465 e.
157 2411 280 2480 Apsyrti)
298 2410 486 2466 Buechelerus
505 2410 668 2465 dubitanter
685 2410 840 2479 proposuit.

142 2481 271 2549 singuli
294 2482 370 2553 VIII]
397 2481 531 2551 intellege
556 2484 637 2552 scrip.
670 2482 819 2549 Apsyrtis:
846 2479 895 2534 καὶ
920 2485 1015 2553 νίτρον
1032 2477 1070 2536 καὶ

71 2549 137 2612 ἁλὸς
156 2546 273 2607 έκοόοτου
295 2561 432 2623 στατῆρας
453 2553 484 2622 η’
507 2553 639 2624 (Hierocl.
660 2572 687 2622 p.
713 2555 784 2619 122).
802 2552 942 2619 interpres
966 2552 1069 2609 omittit.

144 2639 218 2676 curn
238 2625 313 2677 oleo
333 2628 367 2678 et
385 2624 464 2678 vino
482 2627 516 2679 et
533 2623 647 2694 melle]
667 2624 700 2677 H
718 2628 768 2677 128
787 2621 970 2691 perdiderim
985 2627 1071 2679 κοινοῦ

71 2691 164 2758 (scrib.
184 2692 232 2745 καὶ
251 2693 341 2757 οἴνου)
360 2694 409 2748 καὶ
427 2692 542 2764 με’λιτος.
580 2695 748 2764 Vspvee,
764 2700 805 2749 10.

142 2760 201 2814 διὰ
220 2764 378 2833 βδελλίου
397 2765 581 2836 malagma]
602 2764 709 2820 omittit
727 2765 873 2834 interpres.
906 2765 942 2821 ef.
962 2766 1072 2821 Eichen-

69 2832 127 2886 feld
154 2833 215 2888 1.σ.
237 2850 264 2901 p.
292 2841 350 2889 147.
396 2834 511 2904 Apsyrti
538 2837 682 2905 malagma
712 2837 743 2890 τὸ
770 2835 819 2890 διόι
847 2837 977 2908 βδελλόον
1004 2835 1073 2893 extat

68 2902 152 2974 Hipp.
167 2921 194 2973 p.
209 2910 271 2960 981.
307 2906 427 2960 fortasse
446 2906 623 2963 scribendum
648 2909 679 2963 υύι
703 2909 766 2977 ipsa
789 2924 858 2962 σανα
881 2913 918 2979 τῷ
944 2909 1017 2978 (cod.
1035 2924 1072 2965 ου·

68 2978 151 3046 καλου)
171 2975 220 3030 διόι
239 2978 366 3050 βδελλῖου
386 2993 408 3032 e.
423 2995 450 3045 q.
466 2996 486 3033 s.

141 3066 336 3104 exercemus
357 3047 513 3119 tripodo]
546 3050 580 3104 H
592 3055 642 3104 128
667 3049 760 3121 δρόμῳ
779 3054 816 3120 τῷ
836 3049 885 3103 διόι
907 3048 1017 3118 κολλτιης
1033 3047 1075 3119 γό

69 3122 154 3184 μυαζε
173 3118 235 3184 ἤτοι
254 3117 393 3189 λεγομένω
412 3118 692 3193 τριττήδῳ,Αμεγτλαε
712 3125 762 3174 120
781 3119 969 3189 γυμνάζοντες
987 3123 1075 3192 δρόμγ

68 3191 104 3257 τῷ
134 3188 182 3240 διὰ
210 3189 330 3259 κιλλιιης,
358 3174 492 3260 Vegetius
512 3197 574 3257 §11
603 3197 740 3247 remeetur
765 3210 783 3246 e
810 3207 910 3246 sessore
938 3195 1075 3262 trepidum

70 3259 199 3324 (emenda
213 3263 356 3329 tripedem
371 3264 420 3315 aut
434 3263 598 3331 tripodum).
627 3279 660 3316 su
681 3280 712 3316 ra
733 3267 783 3317 196
797 3261 915 3317 verbum
929 3261 1075 3318 habuimus

67 3329 553 3471 immurmurare
575 3333 638 3472 et
656 3281 885 3458 litere
902 3339 1076 3474 cellere:

66 3476 164 3525 υινιιυιό
182 3473 210 3525 et
229 3487 254 3525 v.
270 3475 305 3524 38
320 3478 384 3540 poet
402 3474 621 3541 repedationem.

363 2267 529 2338 χρησόμεθα
545 2269 709 2340 βοηθήματι
727 2268 835 2329 τούτοις
853 2268 965 2339 Apsyrt.
980 2290 1005 2340 p.
1022 2272 1067 2323 190.
