2348 3878
460 110 678 176 -91-

58 274 156 335 maior
179 277 233 352 est,
257 277 342 334 tanto
365 275 493 335 maiores
516 274 663 351 imprimit
687 292 813 352 morsus,
837 277 951 350 quanto
974 273 1073 334 minor

58 363 266 442 momorderit,
294 366 381 423 tanto
408 364 528 423 facilius
556 366 687 424 curatur.
729 363 776 421 his
804 366 907 422 autem
934 362 1071 422 omnibus

58 453 143 530 peior
174 455 220 512 est
245 470 362 512 morsus
392 452 586 531 praegnantis
613 452 708 511 muris
740 455 772 511 et
802 452 980 511 manifestus
1013 455 1072 529 est,

58 541 112 618 qui
134 543 238 600 tamen
259 540 348 601 facile
370 541 598 619 intelleguntur,
622 542 648 599 si
666 540 762 600 maior
779 543 881 600 tumor
899 541 931 599 in
949 559 1071 616 corpore

31 629 129 706 sequi
153 632 305 705 appareat.
342 630 398 689 hoc
421 630 509 690 modo
534 630 767 690 succurrendum
789 647 853 689 esse
871 629 1072 688 certissimum

58 721 117 778 est:
142 718 203 777 alio
226 717 300 778 trito
324 736 394 777 cum
415 718 495 778 nitro
520 720 586 797 aut,
610 718 773 778 sinitram
795 737 856 777 non
879 717 984 795 fuerit,
1009 721 1070 779 sale

58 809 89 866 et
120 806 239 882 cymino
272 809 404 866 tumores
435 810 466 865 et
492 825 609 866 morsus
637 807 856 884 suprascriptos
884 806 1070 867 confricabis.

58 895 83 954 si
99 897 204 954 autem
220 897 354 954 tumores
372 895 542 972 irruperint
559 897 694 975 vulnera,
713 914 804 972 posca
823 895 928 954 eadem
944 897 1071 956 vulnera

58 983 149 1042 diluis
176 986 208 1042 et
238 983 383 1042 hordeum
416 984 607 1043 combustum
636 987 667 1044 et
696 985 728 1043 in
757 985 887 1044 cinerem
914 986 1070 1044 redactum

10 1082 41 1122 [θ
60 1072 234 1132 vulneribus
257 1071 375 1150 spargis
398 1074 429 1131 et
451 1072 527 1130 nihil
550 1072 634 1132 aliud
661 1073 779 1152 feceris,
810 1074 882 1150 quia
904 1074 1001 1152 magis
1025 1075 1069 1133 in-

60 1163 197 1220 crescunt
218 1161 354 1237 vulnera,
377 1160 403 1218 si
426 1161 486 1220 alio
510 1160 704 1221 medicamine
733 1163 891 1222 curaveris
915 1163 1070 1238 potionem

60 1267 128 1308 sane
152 1249 297 1308 anethum
319 1249 427 1307 tritum
450 1269 520 1308 cum
542 1250 641 1309 cedria
664 1253 695 1310 et
718 1270 787 1310 cum
809 1252 879 1311 vino
904 1252 996 1311 dabis.

123 1337 202 1397 Item
234 1337 260 1396 si
297 1355 410 1413 equum
445 1338 607 1415 phalangio
645 1339 842 1417 percusserit,
874 1340 987 1415 piperis
1015 1337 1136 1419 —,‘282

59 1426 192 1502 pyrethri
219 1443 303 1503 sem,
336 1445 413 1486 uvae
441 1426 596 1486 silvaticae
623 1447 680 1484 —:
713 1428 834 1504 singula
868 1429 971 1506 terito,
999 1448 1069 1488 cum

12 1524 36 1564 5
58 1515 125 1574 vino
148 1514 287 1574 faucibus
310 1514 469 1574 infundite.

121 1603 200 1662 Item
222 1602 249 1661 si
270 1602 375 1678 vipera
398 1607 452 1662 aut
479 1602 642 1679 phalangio
671 1605 726 1661 aut
752 1620 819 1661 mus
847 1621 976 1662 araneus
1003 1623 1065 1663 mo·
1078 1591 1136 1647 2⁸3

60 1691 206 1770 morderit,
229 1692 352 1767 prodest
373 1694 486 1751 terram
512 1690 706 1751 formicarum
734 1711 803 1750 cum
830 1691 900 1751 vino
928 1691 1067 1750 faucibus

60 1776 211 1839 infundere
235 1782 290 1838 aut
311 1780 378 1856 ipsa
400 1781 526 1839 vulnera
549 1780 720 1839 confricare.
758 1781 810 1838 sed
833 1782 864 1838 et
886 1780 976 1840 verba
999 1780 1067 1840 reli-

63 1867 142 1942 giosa
164 1888 225 1928 non
248 1869 354 1927 desint.
391 1887 462 1927 nam
481 1869 534 1928 Sol
551 1868 745 1944 peculiariter
763 1868 901 1928 dominus
920 1888 1068 1945 equorum

10 1963 48 2004 20
62 1953 211 2017 invocatus
235 1957 274 2015 ad
296 1956 443 2015 medelam
465 1957 557 2016 adest.
596 1977 686 2034 quem
708 1959 764 2018 hoe
787 1957 888 2036 modo,
912 1977 981 2017 cum
1008 1961 1067 2017 ter-

63 2060 120 2103 ram
141 2046 296 2122 talparum
319 2045 451 2121 coeperis
474 2046 588 2124 tollere,
611 2047 777 2106 invocabis:
800 2047 872 2124 ieta,
897 2047 949 2106 Sol
967 2048 1066 2109 divine

66 2132 149 2192 aalide
173 2137 205 2193 et
226 2133 348 2211 frigide,
376 2136 498 2193 tantum
524 2135 598 2192 mihi
626 2134 813 2195 abalieuasti.
850 2136 906 2195 hcc
934 2137 1013 2197 dices
1037 2140 1067 2197 et

66 2222 291 2297 suprascriptam
314 2222 461 2281 medelam
483 2222 622 2282 faucibus
645 2223 777 2282 infunde.

121 2310 199 2370 Item
217 2311 243 2368 si
261 2330 374 2386 equum
392 2312 424 2369 in
442 2311 557 2389 itinere,
576 2311 630 2369 ubi
644 2312 753 2370 desunt
767 2313 941 2391 necessaria,
961 2315 1065 2391 vipera
1075 2332 1132 2388 284

35 2397 55 2438 ¹⁵
63 2399 247 2478 percusserit,
280 2399 402 2475 prodest
432 2399 545 2475 piperis
577 2418 671 2476 grana
699 2400 782 2458 XXX
809 2419 879 2458 cum
906 2404 977 2460 sext.
1001 2404 1065 2462 vini

61 2487 161 2546 veteris
189 2507 244 2564 per
272 2507 366 2547 cornu
393 2488 532 2546 faucibus
561 2487 731 2566 infundere,
765 2491 820 2546 aut
850 2489 975 2547 herbam
996 2491 1065 2567 thy-

57 2584 137 2633 mum
158 2577 265 2635 tritam
288 2579 319 2635 et
341 2576 444 2635 datam
467 2596 537 2635 cum
558 2576 628 2635 vinc
656 2576 795 2652 prodesse
824 2577 1008 2638 adseverant.

120 2663 196 2724 Item
228 2664 254 2723 si
285 2682 352 2723 mus
386 2683 513 2725 araneus
548 2684 661 2741 equum
694 2667 899 2745 momorderit,
933 2668 1065 2728 malvam
1075 2685 1131 2743 285

53 2753 209 2812 contusam
232 2753 387 2829 imponito.

122 2839 197 2901 Item
220 2842 246 2900 si
269 2860 365 2917 equus
393 2845 448 2900 aut
474 2842 578 2917 vipera
606 2845 661 2901 aut
687 2843 725 2902 ab
753 2844 855 2920 aliquo
883 2845 971 2905 noxio
1001 2846 1063 2904 ani·
1076 2858 1133 2914 286

50 2925 128 2986 mali
148 2931 242 2989 fuerit
263 2948 430 3008 percussus
454 2931 496 2990 sic
519 2930 651 2991 curabis:
679 2932 742 2992 ervi
764 2933 896 2991 radicem
918 2935 1064 2994 conterite

20 2829 41 2872 81

50 3068 265 3097 N—

126 3192 142 3240 3
160 3187 324 3259 pregnantis
338 3191 378 3259 114
396 3187 593 3256 intelliguntur
607 3190 616 3257 ΙΙ
635 3193 650 3242 6
675 3188 742 3243 allio
759 3190 770 3258 ss
788 3194 804 3243 8
829 3189 853 3244 si
877 3177 908 3243 01
931 3193 963 3245 ut
985 3208 1063 3246 umo-

50 3253 211 3330 Υ(Ξ811119
236 3258 368 3314 diluisset
389 3261 399 3328 ΙΙ
422 3264 455 3312 11
484 3260 597 3312 anetum
619 3259 629 3326 l
651 3262 683 3313 13
713 3260 860 3331 spalangio
883 3263 893 3330 l
917 3267 950 3316 14
983 3279 1050 3318 sem.

50 3326 86 3374 7⁰
104 3328 149 3384 αι’
163 3331 199 3385 H
231 3337 263 3400 γᾶ
284 3327 308 3384 c‘
329 3331 377 3402 Pp
393 3336 424 3384 16
439 3329 585 3399 spalangio
599 3329 608 3397 ΙΙ
622 3329 816 3385 romenellum
830 3336 840 3402 ΙΙ
858 3339 891 3387 21
910 3333 1051 3402 talparum

51 3384 213 3467 Pialparum
230 3405 234 3471 Ι
251 3399 346 3473 diuiup
366 3398 469 3473 callidp
489 3402 518 3455 et
539 3398 642 3471 frigide
660 3402 669 3470 1
687 3407 721 3455 23
740 3403 892 3457 medellam
915 3405 924 3472 1
947 3410 981 3457 29
1000 3420 1064 3458 con-

51 3455 234 3541 ι1111010113)
252 3473 303 3528 aut
320 3471 430 3543 vipera]
450 3487 488 3526 ac
506 3487 524 3525 a
541 3471 656 3540 vipera?
670 3475 682 3545 u
694 3477 727 3527 31
746 3471 829 3526 herbi
