2348 3878
503 127 745 192 -132-

119 290 168 351 ίον
191 295 227 370 γδ
250 284 293 369 β’,
321 289 474 368 χαλκίτεως
500 292 536 368 y&
565 284 610 368 β’,
638 285 767 366 σφέκλης
793 288 952 368 γράμματα
973 284 1018 369 γ’,
1046 295 1134 352 καθε-

119 377 220 456 ψήσας
242 386 301 459 χρώ
325 375 374 438 καί
398 378 551 458 διαφεύγει
573 376 610 438 τδι
631 375 852 458 κορδυλώματα.

52 468 110 525 506
186 470 227 527 Μ
251 469 312 528 138
338 460 424 550 γηα’;
440 462 537 526 ’Άλλο
570 461 688 537 άνθους
706 465 860 545 χαλκίτεως
877 469 916 546 γό
939 459 984 545 β’,
1008 463 1131 546 σφέκλης

119 561 155 636 γό
178 549 221 633 α’,
244 555 344 637 νίτρου
369 560 405 636 γο
428 549 471 635 β’,
494 554 620 635 λάσαρος
642 559 679 635 γό
702 547 745 633 β’,
775 549 862 626 ὄξους
891 551 1012 634 δριμέος
1038 560 1075 636 γό
1098 553 1128 620 ς’.

52 645 108 703 507
186 646 223 703 Η
238 647 279 703 22
304 637 362 726 (=
381 645 420 702 M
439 646 479 703 22
501 635 577 725 ξςὴε
607 641 799 723 Πελαγτονίον
826 639 902 723 πρὸς
928 641 1154 721 έλεφαντίασινί

118 732 311 813 προπότισμα.
365 731 397 793 τὸ
430 728 462 792 δὲ
493 728 678 811 προπότισμα
704 730 867 810 λαμβάνειν
894 730 999 813 νίτρου
1025 736 1063 813 γό
1090 728 1125 809 α’,

119 821 274 901 καστορίου
297 826 335 902 γό
357 817 407 901 β’,
436 819 592 897 δαφνίδιον
618 823 655 899 γό
677 813 722 898 β’,
749 816 817 900 ῥέον
847 821 1001 880 Ποντικοῦ
1029 824 1068 901 γό
1087 816 1123 902 β’,

119 910 255 990 πηγάνου
277 914 316 989 γό
338 909 393 970 δύο
416 907 516 987 ἡμισυ.
552 915 645 968 ταῦτα
666 901 730 967 κατ’
757 907 837 968 ἰδίαν
855 905 954 985 κόψας
973 907 1024 969 καί
1042 907 1121 986 σήσας
1167 928 1170 975 ι

119 996 169 1058 καὶ
191 996 261 1076 μετὰ
283 1007 375 1060 ταῦτα
399 998 483 1076 μίξας
509 995 657 1075 ἐπιβαλών
685 1017 714 1056 ιε
743 994 829 1057 οἴνου
851 1019 869 1075 χ
891 991 924 1055 α’
951 995 1003 1056 καλ
1030 995 1118 1059 έλαίον
1166 978 1170 1021 ¹

118 1091 156 1167 γό
173 1086 207 1159 ἳξ
231 1086 316 1147 δίδου
338 1083 359 1164 ἡ
382 1083 431 1145 διὰ
453 1082 572 1166 κέρατος
589 1081 609 1164 ἡ
628 1081 667 1156 ώς
686 1084 794 1163 βούλει.
831 1084 925 1170 τούτῳ
945 1081 978 1145 δέ
996 1089 1036 1169 τῷ
1054 1087 1140 1165 βοη-ῑί

119 1172 233 1252 θήματι
253 1171 376 1254 κέχρησο
395 1168 466 1234 καθ’
487 1169 600 1255 ἡμέραν
618 1170 684 1255 άχρι
701 1172 810 1245 τελείας
828 1171 947 1252 ὑγιείας.
981 1173 1114 1255 στρώμασι

120 1258 152 1322 δὲ
184 1259 271 1322 σκέπε
303 1260 352 1322 διά
378 1260 488 1334 παντὸς
520 1260 592 1322 ὥστε
623 1261 650 1322 εί
681 1259 810 1322 δυνατὸν
842 1261 948 1341 ίδροῦν
976 1260 1009 1322 τδ
1041 1263 1112 1338 ζῶον,

119 1347 220 1427 ἐπειδὴ
243 1359 278 1434 τῇ
301 1347 398 1434 θέρμη
421 1347 535 1428 πέφυκε
557 1347 589 1410 ιδ
612 1357 727 1411 τοιοῦτο
752 1349 928 1410 διαλύεσθαι
949 1350 1058 1423 πάθος.

53 1442 109 1500 508
187 1441 227 1498 M
246 1443 307 1501 135
332 1434 406 1523 μξθ
429 1432 487 1522 (=
506 1441 545 1498 M
567 1441 607 1498 22
633 1433 690 1517 0'):
723 1438 917 1517 Πελαγυνίου
939 1438 1112 1519 προπότισμα

120 1537 228 1590 ποιοῦν
250 1527 325 1609 πρὸς
347 1527 453 1606 πάντα,
476 1526 547 1588 ώστε
570 1525 605 1586 τά
628 1527 687 1598 ζῶα
709 1526 810 1607 τάχιον
833 1523 1054 1607 ἀναλαμβάνειν
1074 1521 1114 1587 καί
1123 1529 1140 1571 1³

120 1615 192 1677 ὥστε
214 1615 249 1678 τὰ
272 1615 354 1689 ἐντὸς
377 1617 533 1696 σύμπαντα
556 1612 738 1695 άποσμήχειν
759 1613 809 1675 καί
832 1615 1020 1696 θεραπεύειν.
1050 1613 1121 1676 ποιεί

121 1702 152 1766 δέ
175 1704 320 1787 καὶπρὸς
347 1715 408 1766 πᾶν
434 1705 534 1777 πάθος
561 1703 612 1764 καί
638 1706 716 1784 βῆχα
742 1703 885 1764 παλαιάν·
912 1709 998 1764 ποιεῖ
1020 1701 1052 1765 δέ
1079 1695 1123 1764 καί

119 1793 193 1874 πρὸς
219 1796 327 1872 φθίσιν
354 1793 404 1854 καὶ
431 1794 579 1874 βουλσοὺς
605 1791 656 1852 καί
681 1790 969 1874 περιπνευμονικοδις
997 1791 1049 1853 καί
1074 1791 1126 1853 ὅσα

118 1891 177 1942 τῶν
200 1881 281 1954 ε’ντός
306 1881 510 1943 πεπονθότων.
556 1877 576 1959 ἡ
604 1876 637 1941 δὲ
663 1878 828 1958 κατασκευὴ
858 1879 942 1958 αὕτη.
988 1881 1128 1954 πτισάνης

125 1966 196 2047 θα,
224 1966 421 2050 λινοσπέρμου
445 1966 556 2047 ἡμίναν
579 1963 621 2046 α’,
649 1965 732 2048 ὠμοῦ
760 1965 932 2050 άρχὲντερον
959 1970 1086 2051 χοίρειον
1109 1956 1160 2036 ἡδί

120 2059 259 2138 βραχεῖαν
277 2052 320 2135 α’,
343 2058 370 2117 εί
387 2054 418 2117 δέ
438 2056 478 2136 μὴ
497 2056 607 2140 εὑρεθῇ
626 2059 747 2137 βραχεῖα
764 2053 785 2136 ἡ
803 2054 976 2138 άρχέντερον
994 2059 1136 2139 χοίρειονι

118 2143 225 2227 ἐρίφου
248 2143 381 2223 κεφαλὴν
404 2144 555 2223 μετὰτῶν
578 2143 763 2228 άκροναρίοιν
786 2143 837 2205 καί
858 2154 911 2225 τῆς
928 2147 1046 2226 χορδῆς.
1082 2141 1137 2240 ἕμῖ

120 2235 191 2313 βαλε
214 2232 354 2294 ὑσσώπου
379 2232 487 2313 δεσμὰς
508 2228 551 2314 β’,
574 2233 703 2314 βολβοὺς
726 2228 774 2312 ιε’,
797 2234 934 2313 πηγάνου
958 2234 1072 2314 δεσμὴν
1088 2252 1141 2297 αι

120 2320 335 2401 δαφνοκόκκιον
358 2327 476 2403 χλωρῶν
510 2317 583 2400 W,
610 2323 748 2400 φοίνικας
772 2317 812 2400 λ’,
841 2320 975 2403 σκόρδων
1002 2313 1142 2402 κεφαλὰς

118 2405 161 2491 γ’,
180 2408 296 2484 στέατος
315 2412 427 2493 αίγείον
445 2415 483 2492 γο
502 2405 542 2490 ς’,
563 2410 714 2491 γλάχωνος
733 2409 844 2489 δεσμὴν
863 2408 905 2489 α’,
927 2419 1021 2472 ταῦτα
1038 2412 1145 2472 πάντα
1157 2394 1170 2437 ²³

119 2501 255 2582 καθάρας
278 2499 328 2561 καί
351 2500 533 2583 συνθρύψας
552 2497 618 2577 ἕψει
636 2497 669 2558 έν
688 2499 774 2559 ίίδατι
792 2496 850 2559 άπὸ
868 2496 1033 2581 κιστέρνης,
1052 2498 1145 2580 άχρις

120 2582 157 2650 οὗ
180 2588 215 2649 τδι
238 2587 438 2670 προειρημένα
460 2586 531 2671 κρέα
552 2596 699 2672 κατατακῇ
722 2585 772 2646 καί
799 2586 877 2666 μόνα
900 2585 935 2647 τδι
964 2585 1035 2648 δστᾶ
1059 2587 1147 2648 άπο”

120 2678 213 2761 μείνη.
255 2675 459 2757 συνεχέστερον
482 2674 514 2736 δέ
538 2676 619 2756 άδωρ
642 2674 777 2755 ἐπίβαλε,
808 2675 879 2735 ώστε
903 2674 944 2754 μὴ
968 2674 1148 2756 ἐκλυθῆναι

118 2763 139 2844 ἡ
166 2763 290 2845 λιπαρὸν
317 2773 439 2843 ποιῆσαι
466 2763 517 2825 τὸν
544 2764 642 2845 χυλόν.
683 2762 733 2824 καί
761 2762 832 2842 μετδι
863 2772 955 2824 ταῦτα
984 2765 1149 2846 διηθήσας

190 2996 214 3045 5.
226 2997 241 3044 6
252 2991 293 3045 ita
301 2989 402 3058 incipit
410 2989 442 3043 ιἰι
450 2988 485 3042 H
486 2989 522 3042 P:
532 2985 615 3042 Ἄλλο.
634 2987 729 3056 νίτρου
737 2989 793 3040 κτλ.
807 2989 817 3056 ΙΙ
832 2990 914 3040 14.15
923 2983 1007 3042 Ἄλλο.
1019 2987 1087 3043 ὥστε
1102 2968 1150 3032 τὰ

119 3063 174 3127 {coa
193 3065 249 3116 ιιι.
261 3062 349 3117 Μαι
363 3061 373 3129 ιι
389 3066 421 3114 ιι
438 3061 520 3128 μου
538 3057 570 3113 οι
588 3074 638 3113 om.
650 3058 746 3112 M135
760 3059 769 3126 η
785 3055 890 3124 ιεῆωι
904 3076 1017 3127 mom.
1030 3052 1127 3114 Με3
1138 3036 1150 3108 ί

121 3138 153 3186 19
174 3131 204 3186 δὲ
224 3149 274 3188 om.
294 3133 331 3186 M
344 3135 381 3188 23
395 3132 404 3199 ΙΙ
419 3136 453 3185 20
476 3128 660 3199 λινάσπερμον
683 3127 786 3197 ἡμίναν
806 3127 836 3181 α’
862 3128 937 3197 ὠμοῦ
962 3127 1147 3199 άρχέντερθν

120 3199 137 3268 ἢ
167 3204 300 3274 βραχεῖαν
329 3202 360 3256 α’
381 3202 418 3255 Μ
438 3206 493 3256 136
510 3198 695 3270 λινοσπέρμου
719 3197 736 3266 ἡ
756 3199 937 3268 κινναμώμου
961 3197 1146 3270 άρχέντερθν

955 3267 969 3288 ff!

120 3273 243 3341 χοίρειον
261 3276 303 3342 (in
321 3289 381 3327 νιαν
400 3314 406 3327 .
425 3270 549 3327 τουτέστι
571 3270 670 3326 νεωστί
694 3268 926 3339 εὐνουχισθέντα)
953 3290 971 3338 η
996 3269 1144 3343 βραχεῐᾱίζ

121 3341 151 3395 α’
172 3343 209 3396 Μ
215 3347 253 3398 23
267 3345 277 3413 11
290 3348 324 3396 22
344 3291 399 3396 καί
410 3360 460 3398 om.
471 3343 508 3396 M
518 3347 556 3399 23
570 3345 579 3414 ΙΙ
593 3349 627 3397 23
646 3341 758 3396 ὑσώπου
769 3341 806 3395 Μ
821 3344 876 3396 136
892 3345 896 3407 Ι
913 3338 1017 3412 δέσμας
1028 3345 1065 3396 Μ
1072 3333 1121 3396 23
1135 3344 1139 3384 ¹

120 3410 225 3482 δέσμην
245 3415 282 3468 Μ
299 3418 337 3470 23
351 3416 360 3481 n
375 3419 408 3468 νε
427 3416 560 3483 γιιχωιις
579 3415 679 3467 Μιεο
693 3414 702 3482 η
716 3417 750 3465 εο
769 3409 931 3482 ιιισιέριις
951 3414 989 3467 M
1000 3417 1056 3468 136
1068 3414 1077 3481 η
1095 3398 1136 3456 2⁷

115 3480 185 3552 κμέη
202 3483 244 3538 Μ
245 3485 307 3558 23)
323 3483 406 3539 δοτέα
426 3486 463 3539 Μ
479 3488 518 3541 23
530 3487 541 3555 ΙΙ
554 3489 588 3539 28
607 3478 736 3556 ἐπίβαλλε
755 3483 793 3537 Μ
802 3486 841 3540 23
