2348 3878
469 97 686 164 -35-

65 261 226 339 pulverem
252 258 490 320 minutissimum
522 260 633 339 redigis
660 264 703 340 et,
732 281 801 322 cum
828 281 945 323 necesse
978 264 1083 343 fuerit,

68 351 205 411 cocleare
236 366 333 408 unum
370 350 483 428 grande
516 350 642 426 plenum
673 368 743 410 cum
774 351 839 411 vini
862 351 1001 412 sextario*
1015 353 1081 413 fau·

65 437 154 500 cibus
176 437 320 497 infundis.

80 551 83 555 ¹
134 527 213 586 Item
235 526 319 586 aliud
342 526 381 586 ad
402 527 549 605 morbum,
573 525 692 604 anstri
712 526 807 587 Siculi
828 529 993 607 mangonis.
1034 549 1081 589 ra·
1109 529 1129 585 11

32 615 148 676 udices
172 615 254 674 ebuli
277 617 308 674 et
328 615 444 675 radices
462 615 577 675 urticae
596 615 701 692 aequis
719 616 900 693 ponderibus
917 617 1083 694 liquamine

64 705 185 765 infusas
202 703 235 762 in
253 721 426 763 mensuram
443 704 536 762 tn‘um
555 723 681 765 ovorum
694 704 794 764 triduo
813 705 960 765 infundes
991 706 1083 767 facies
1122 728 1128 770 ·.

63 793 137 853 inde
160 793 293 852 colatum
315 811 370 869 per
395 792 567 876 linteolum,
596 792 719 853 naribus
746 811 887 854 mensura
915 794 1007 853 unius
1035 795 1084 855 ovi

63 883 170 942 mittes
192 900 247 958 por
268 880 411 941 triduum.

120 970 212 1030 ,Item
239 969 324 1028 aliud
355 970 394 1028 ad
424 969 562 1030 morbum
592 970 792 1030 articularem.
839 971 1017 1050 sanguinem
1046 972 1082 1031 de
1093 970 1131 1027 10

10 1058 208 1120 1oomnibus
240 1058 376 1118 articulis
410 1057 559 1119 detrahito
588 1061 619 1118 et
647 1059 709 1119 rite
744 1060 814 1119 alba
848 1060 991 1120 articulos
1027 1060 1082 1120 cir-

64 1147 209 1208 cumdato
242 1149 273 1206 et
303 1147 368 1222 pice
400 1147 517 1223 liquida
549 1148 692 1208 articulos
729 1148 842 1209 circum
872 1148 1015 1228 unguito,
1052 1153 1084 1208 et

63 1237 240 1313 frequenter
262 1235 435 1295 deambulet
457 1239 488 1295 et
510 1236 576 1297 cibo
600 1236 762 1315 abstinet03
791 1237 895 1298 hordei
923 1256 993 1298 sane
1016 1237 1083 1296 triti

63 1328 99 1385 et
121 1324 245 1384 cribrati
266 1324 371 1384 mittas
394 1316 570 1408 sext(arios)
593 1325 656 1384 ΠΠ
673 1344 743 1386 cum
761 1345 917 1386 cucumere
936 1327 1081 1387 silvatico.

63 1413 142 1474 satis
166 1412 295 1491 prodest.

10 1515 47 1558 15
132 1501 182 1560 Ad
199 1501 337 1561 morbum
354 1501 479 1580 regium.
514 1500 703 1578 intellegitur
721 1504 824 1561 autem
841 1501 963 1561 morbus
980 1501 1082 1579 regius
1092 1499 1129 1554 ll

64 1587 136 1668 [sic]
161 1610 197 1650 ex
219 1590 314 1650 oculis
335 1591 385 1651 vel
407 1589 544 1667 maxime,
567 1608 638 1648 nam
658 1591 713 1647 aut
735 1589 891 1665 sulphurei
915 1592 970 1647 aut
991 1589 1082 1648 felliti

62 1678 229 1740 admodum
256 1681 334 1738 sunt.
380 1679 454 1738 haec
480 1678 623 1738 valetudo
650 1678 699 1737 vel
725 1695 817 1737 causa
843 1676 941 1737 morbi
968 1697 1004 1736 ex
1030 1678 1080 1736 ab·

61 1768 215 1828 undantia
238 1767 318 1827 fellis
341 1785 559 1844 nonnunquam
577 1766 683 1827 evenit.
725 1766 844 1827 curabis
863 1766 917 1826 sic:
941 1767 1082 1844 asparagi

62 1857 197 1918 silvatici
223 1856 354 1916 radicem
381 1856 546 1916 contundes
573 1859 604 1914 et
630 1856 662 1913 in
690 1875 786 1932 aquae
814 1855 955 1934 congium
984 1854 1081 1914 mittis

10 1956 48 2003 20
62 1948 96 2006 et
119 1945 159 2004 ad
181 1944 287 2005 tertias
310 1945 451 2021 decoquis
480 1947 510 2004 et
536 1964 590 2022 per
617 1964 710 2005 cornu
737 1944 860 2004 naribus
888 1943 1082 2003 infundis'et

60 2033 190 2112 patiaris
214 2051 326 2110 equum
345 2033 460 2092 diutius
479 2051 657 2111 suspensum
679 2034 795 2093 durare.
838 2033 919 2110 quod
941 2033 967 2092 si
985 2032 1082 2092 maior

61 2140 158 2183 causa
187 2122 331 2200 exegerit,
361 2121 445 2181 addis
476 2123 514 2181 ad
541 2122 694 2198 potionem
721 2122 957 2199 suprascriptam
983 2122 1081 2197 liqua-

60 2210 155 2270 minis
178 2211 288 2272 summi
311 2210 435 2287 cyathos
457 2211 511 2269 ΠΙ.

131 2299 181 2358 Ad
206 2299 352 2359 morbum.
394 2299 420 2357 si
447 2298 579 2375 coeperit
605 2299 641 2357 de
668 2298 789 2358 incertis
817 2298 942 2374 pedibus
967 2297 1128 2357 claudi-12

10 2400 45 2446 ιο
59 2407 131 2449 care
150 2388 200 2447 vel
213 2388 302 2463 pedes
320 2387 528 2465 intumuerint,
547 2387 799 2462 periculosissima
818 2387 939 2462 quidem
956 2405 1003 2446 res
1027 2389 1080 2464 est,

61 2479 192 2537 curatur
224 2479 326 2535 autem
357 2477 412 2535 sic:
446 2475 569 2554 sanguis
606 2477 641 2534 de
673 2479 803 2552 utraque
840 2478 926 2551 parte
958 2475 1080 2535 cervicis

58 2565 213 2643 mittitur,
245 2567 282 2623 ut
308 2582 405 2641 usque
432 2565 471 2624 ad
498 2582 646 2623 summam
675 2565 886 2641 fatigationem
915 2562 1082 2622 deducatur

60 2654 188 2730 animal,
210 2656 280 2728 post
301 2672 393 2715 uvam
415 2653 553 2729 lupinam
571 2672 640 2712 cum
657 2653 745 2713 melle
769 2656 799 2712 et
820 2672 902 2729 aqua
919 2652 1081 2712 cistemina

61 2743 138 2802 dato
160 2759 258 2818 usque
282 2742 320 2800 ad
343 2742 511 2801 sanitatem.

14 2841 45 2886 to
130 2830 209 2889 Item
231 2830 322 2889 aliud.
359 2830 449 2906 primi
466 2831 641 2906 liquaminis
660 2830 783 2890 calicem
800 2831 924 2907 plenum
941 2829 973 2886 in
990 2846 1078 2886 nares
1088 2829 1125 2884 13

57 2918 188 2996 mittito,
211 2920 248 2977 ut
271 2938 363 2995 quam
380 2919 563 2979 validissime
582 2922 747 2997 soporetur,
770 2919 880 2996 frigido
905 2917 996 2975 etiam
1014 2917 1079 2976 loco

58 3006 241 3075 stabuletur.
287 3007 436 3067 coriandri
459 3026 529 3067 sane
553 3011 584 3067 et
606 3007 772 3067 cucumeris
800 3005 926 3084 agrestis
948 3004 1023 3064 folia
1046 3007 1077 3063 et

56 3096 178 3156 radices
208 3098 238 3154 at
266 3097 364 3155 mellis
394 3095 475 3172 quod
504 3096 578 3155 satis
608 3099 666 3174 est,
698 3114 768 3155 cum
793 3095 863 3155 vino
891 3093 976 3172 dato,
1007 3095 1078 3170 post

59 3185 145 3263 porn'
175 3183 239 3244 suci
270 3184 462 3245 acetabulum
489 3184 614 3262 plenum
642 3183 780 3243 faucibus
810 3182 976 3258 infundit03
1006 3181 1079 3241 offas

135 3317 312 3388 accoliaress
326 3324 344 3372 4
358 3317 481 3390 Caystri]
495 3317 650 3387 Πιστηρίου
665 3317 735 3373 HM
762 3317 909 3387 Πιστιρίου
928 3317 976 3384 Pu
991 3320 1024 3369 15
1038 3314 1080 3368 in·

61 3388 205 3516 t‘qllingietqir
218 3390 261 3444 ita
274 3405 376 3459 semper
390 3391 496 3460 coctast
512 3396 543 3444 16
563 3392 628 3443 mai
643 3391 653 3460 ΙΙ
667 3393 701 3444 23
721 3389 797 3458 cyati
810 3390 869 3459 1211
882 3384 1094 3447 intumuerutlt

888 3541 928 3595 3·
