2348 3878
469 115 691 181 ..39-

67 278 190 339 faciant
212 297 334 356 corpus,
357 278 426 339 inde
449 279 538 339 bacas
566 279 647 339 lauri
677 299 746 339 cum
772 279 852 340 nitro
880 284 911 339 et
938 281 1015 341 lacte
1039 300 1087 340 ca·

68 367 160 447 prino
184 366 307 428 decocto
330 386 400 428 cum
421 368 510 429 melle
533 371 565 430 et
586 371 658 429 ruta
685 371 716 428 et
738 367 840 446 pipere
868 369 936 429 albo
965 373 1087 429 etcum

71 474 127 517 suo
152 456 300 535 sanguine
322 457 501 534 potIonabis.

139 545 220 605 Item
242 544 282 604 ad
304 545 519 624 opisthotonos,
542 545 678 606 Emeriti.
716 547 786 605 ante
806 545 907 606 omnia
925 547 1154 607 oauterIari272

53 636 197 710 saporus
219 634 252 693 et
272 636 402 710 prosunt
424 634 538 694 calidae
560 634 712 713 potiones,
736 637 791 693 aut
813 635 892 694 laser
914 638 969 694 aut
995 636 1086 712 cymi·

74 740 147 781 num
161 723 217 782 aut
226 722 372 783 anethum
386 724 442 782 aut
459 723 555 783 alium
572 725 628 783 aut
644 724 736 784 bacae
754 723 849 783 lauri:
867 723 975 783 borum
994 725 1087 800 quod·

76 829 204 888 cumque
227 810 337 871 cotidie
359 829 429 872 cum
455 811 526 872 vino
554 812 660 872 datum
686 811 825 889 perducit
852 812 890 871 ad
917 812 1086 873 sanitatem.

140 900 220 960 Item
245 898 350 960 unctio
379 898 486 976 Optati
513 900 552 959 ad
583 920 687 961 curam
713 900 956 977 suprascriptam.
1003 901 1154 962 caraem

77 987 143 1067 lib,
174 987 292 1048 resinae
322 1019 361 1030 —
390 988 464 1067 IIII,
492 989 673 1065 opopanacis
698 1020 739 1031 -
763 990 807 1069 H,
844 989 994 1049 medullae
1026 1010 1087 1050 cer·

53 1075 165 1137 umes
181 1108 220 1118 —
241 1076 285 1155 H,
314 1077 374 1137 olei
401 1076 546 1154 styracini
565 1110 607 1118 -
629 1078 694 1156 IH,
726 1078 785 1138 olei
816 1078 929 1138 laurini
954 1109 992 1120 -
1012 1079 1088 1139 IIII:

79 1164 148 1226 baec
172 1164 275 1225 omnia
296 1165 429 1242 decoque
452 1168 483 1225 et
505 1166 537 1224 in
560 1166 622 1227 sole
645 1169 701 1226 aut
722 1167 755 1226 in
776 1167 843 1228 loco
870 1167 966 1228 calido
994 1171 1087 1228 utere.

141 1254 220 1314 Item
243 1253 304 1313 alia
319 1254 423 1314 unctio
446 1254 580 1314 Emeriti.
616 1274 700 1316 cerae
726 1255 778 1316 lib.
802 1258 834 1316 et
854 1256 930 1332 picis
952 1257 1086 1335 liquidae
1097 1256 1154 1312 274

84 1340 136 1421 bb,
156 1343 338 1419 opopanacis
358 1342 419 1420 lib,
444 1343 504 1403 olei
519 1343 591 1403 boni
610 1347 696 1403 sext:
724 1345 797 1404 haec
822 1345 922 1404 omnia
946 1345 1087 1422 decoquis

86 1430 112 1489 ot
129 1433 292 1508 postquam
318 1430 481 1510 decoreris,
504 1432 596 1511 iunge
620 1433 698 1492 aceti
721 1433 803 1509 quod
825 1432 945 1493 sufficit.

58 1524 77 1565 1⁵
142 1519 220 1579 Item
248 1519 317 1579 alia.
338 1520 446 1581 *bacae
473 1520 554 1579 lauri
581 1523 662 1598 sext,
686 1521 798 1596 cymini
825 1523 911 1598 sext,
935 1522 1087 1596 sulphuris
1098 1520 1155 1577 275

87 1602 141 1666 rivi
160 1640 198 1651 -
214 1607 271 1687 III,
298 1609 421 1686 galbani
441 1641 480 1651 -
496 1609 556 1687 III,
583 1609 699 1668 resinae
718 1603 842 1688 <-1>,
872 1609 930 1668 olei
953 1612 1025 1668 sext.
1045 1610 1088 1668 H:

88 1692 151 1756 haec
173 1697 322 1774 decoquas
345 1699 376 1758 et
397 1696 440 1758 sic
463 1698 565 1757 uteris.

246 1926 356 1986 XVIII.
393 1928 443 1988 De
472 1926 642 1987 dentibus
671 1926 827 1987 omnium
854 1927 915 1987 ais.

145 2050 253 2128 Equus
265 2051 358 2110 habet
370 2052 473 2112 dentes
487 2052 579 2130 XLII,
604 2071 683 2128 equa
696 2051 830 2130 XXXVI,
853 2052 938 2111 mula
951 2051 1088 2129 XXVIII,
1099 2050 1157 2106 276

66 2135 181 2200 Vasinus
199 2140 326 2218 XXXII,
358 2141 444 2200 asina
466 2141 562 2220 XXV,
595 2141 672 2200 aries
690 2140 820 2218 XXIIII,
852 2140 962 2201 verbex
979 2141 1089 2220 XXIII,

93 2225 145 2287 osis
166 2228 249 2307 XXI,
281 2228 383 2288 hircus
400 2230 496 2309 XXV,
525 2248 617 2305 capra
639 2227 667 2288 fi.
691 2229 821 2307 XVIIII,
850 2232 957 2289 taurus
982 2230 1090 2308 XXVI,

86 2306 135 2377 ‚bos
160 2320 311 2378 castratus
337 2317 467 2397 XXIIII,
499 2337 592 2378 vacca
609 2315 637 2376 fi.
656 2318 786 2395 XXIIII,
817 2318 906 2377 homo
938 2318 1090 2379 masculus

92 2394 115 2459 i.
129 2404 249 2485 XXXII,
272 2407 365 2482 spado
384 2403 412 2467 fi.
431 2407 586 2485 XXVIIH,
608 2406 718 2465 mulier
735 2403 763 2465 n.
782 2405 872 2464 XXX.

146 2494 284 2556 Pondere
307 2513 378 2556 sane
400 2495 505 2556 AttIca
526 2494 712 2556 nostratibus
735 2495 779 2554 ita
807 2497 1032 2572 comparantur,
1055 2491 1155 2554 utVVV

66 2571 205 2662 ²⁵(Isagma
242 2601 304 2642 una
341 2585 381 2643 sit
418 2579 492 2661 susp.
519 2585 565 2643 ΙΠ
589 2603 615 2663 s,
648 2583 751 2644 cotula
787 2583 846 2644 olei
881 2583 1020 2660 ponderis
1053 2584 1093 2643 sit

47 2660 56 2687 ⁸
92 2656 166 2745 tabi).
184 2672 245 2732 VII
259 2690 287 2750 s,
309 2673 342 2732 id
368 2676 414 2734 est
441 2673 543 2750 cyathi
561 2674 605 2732 VI
619 2691 645 2752 s,
675 2672 777 2734 obolos
804 2672 922 2733 Atticos
946 2673 1093 2732 sextarius

93 2748 224 2837 dragmae
248 2763 301 2820 est.

152 2945 331 3003 tcantheriri
351 2950 361 3017 ΙΙ
375 2948 504 3022 toallidp
518 2949 528 3018 11
542 2949 682 3004 tanetum
697 2948 703 3018 1
718 2947 817 3002 allium
833 2951 838 3017 Ι
853 2949 922 3002 bace
936 2948 946 3014 n
968 2952 1094 3014 tapopa-

92 3013 181 3087 ”trist
195 3023 228 3073 10
248 3019 404 3088 storaciniu
424 3025 458 3074 13
475 3020 647 3089 ypopanaoie
666 3021 675 3087 ΙΙ
699 3023 732 3072 14
751 3034 825 3087 unge
847 3019 857 3083 n
881 3022 913 3070 15
933 3018 1003 3070 baca
1026 3018 1034 3084 ss
1059 3021 1091 3069 16

94 3075 142 3157 V>
158 3088 256 3144 maias·
269 3105 303 3144 ex
318 3090 356 3142 M
367 3091 377 3158 u
391 3094 424 3145 17
438 3090 490 3145 heo
505 3093 514 3160 [Ι
528 3096 563 3145 24
576 3088 748 3144 nostratibus
763 3087 925 3142 Sorobiaei:
938 3089 1094 3140 monstran-

93 3142 158 3209 bbrs
174 3158 202 3214 a
214 3160 224 3229 V
238 3165 272 3214 27
292 3159 409 3230 dragma
