2310 3876
491 85 713 152 ..34-

97 254 153 313 ant
180 246 262 330 <si>,
292 268 362 310 cnm
388 248 442 307 diu
469 248 620 327 steterint,
649 247 750 309 subito
783 251 824 311 sd
858 272 992 317 cursum
1019 258 1105 319 uun

96 339 259 418 stimulati,
290 341 345 398 aut
371 336 397 396 si
425 355 479 398 suo
506 340 640 415 tempore
661 337 785 397 urinam
811 360 880 401 non
904 344 1047 426 fecerint,
1069 349 1106 407 sut

96 429 239 488 sudantes
258 430 289 487 et
307 446 325 486 a
343 425 542 486 concitatione
561 425 665 485 statim
681 425 823 487 biberint
860 432 984 508 quibus
1000 435 1105 497 reme&

96 518 170 577 haec
200 536 218 576 a
246 514 410 576 maioribus
440 514 587 592 profuisse
617 514 788 591 accepimus
818 518 853 577 et
882 520 1038 584 facientes
1059 542 1105 585 nos

97 605 217 682 metipsi
240 605 355 681 experti
378 622 489 663 sumus.

68 705 87 761 5
163 695 212 754 Ad
230 714 347 755 omnem
364 693 510 771 morbum,
530 690 680 753 Gallicani
696 688 770 752 Γο.
788 691 875 754 coffi.
918 701 954 760 to
974 699 1106 779 diapente

96 784 270 863 gentianae,
299 782 520 860 aristolochiae,
545 777 686 841 bacarum
707 780 802 860 lauri,
829 802 976 868 murrae,
1004 806 1106 850 mm

97 875 201 935 eboris.
248 873 349 933 omnia
375 873 449 931 haec
476 868 580 947 aequis
603 868 785 946 ponderibus
814 873 915 933 tunsa
938 879 973 936 et
995 878 1107 939 cribret

97 964 271 1022 adunantur
293 964 324 1021 et
346 959 447 1037 pulvis
471 959 624 1020 confectus
646 958 804 1034 reponitur
826 962 859 1019 et
882 961 920 1021 in
943 967 1108 1027 necessitate

96 1050 249 1125 profertur
271 1052 302 1108 et
324 1049 415 1106 datur
437 1048 492 1107 sic:
515 1049 647 1108 cocleare
670 1046 783 1124 grande
805 1048 939 1123 plenum
957 1054 1033 1115 vino
1049 1056 1107 1115 mir·
1146 1064 1148 1099 ²

96 1140 163 1196 tum
185 1135 322 1196 faucibus
346 1135 454 1196 cotidie
477 1135 610 1214 infunde,
633 1155 701 1196 cum
723 1137 933 1200 necessarium
952 1143 1023 1204 erit
1062 1162 1109 1204 cu

97 1225 231 1283 tissimus
255 1225 286 1284 et
309 1224 450 1283 salutaris
473 1224 574 1300 pulvis
597 1227 650 1283 est.

69 1323 89 1378 e
164 1313 213 1372 Ad
230 1312 377 1391 morbum
400 1312 497 1372 Liton’
514 1312 719 1372 Beneventani
740 1309 766 1374 Ε.
785 1311 814 1373 ἢ.
856 1315 963 1390 primo
983 1320 1109 1397 depacto

95 1402 208 1462 randus
231 1404 289 1483 est,
317 1402 423 1463 deinde
446 1402 526 1461 inter
547 1420 635 1461 coxas
659 1402 823 1478 deplendns
846 1406 906 1481 est,
933 1408 991 1468 sed
1015 1406 1072 1487 [et]
1091 1408 1111 1468 si

96 1493 256 1554 necessitas
280 1492 383 1571 fuerit,
407 1495 438 1553 et
460 1489 718 1568 detemporandus.
764 1491 866 1554 cibum
893 1491 1025 1557 debebit
1047 1497 1110 1558 acci·

96 1603 165 1659 pere
188 1583 387 1661 multiplicem
409 1582 441 1640 id
464 1583 509 1641 est
530 1578 634 1640 hordei
660 1579 802 1658 farinam,
832 1581 961 1643 seminis
989 1585 1112 1647 sarim

95 1671 127 1730 id
150 1676 196 1732 est
218 1674 266 1732 far
288 1671 474 1747 cantabrum,
496 1669 578 1730 faeni
596 1668 754 1728 modicum.
795 1671 827 1728 et
848 1669 944 1730 facies
963 1675 1112 1750 potionem

94 1761 275 1837 huiusmodi,
295 1778 387 1835 quam
406 1758 490 1817 dabis
508 1777 563 1832 per
579 1775 679 1816 nares:
698 1760 899 1837 centauream,
917 1760 1113 1841 absinthium,

94 1849 302 1924 peucedanum
320 1846 426 1921 aequis
443 1845 624 1921 ponderibus
643 1845 784 1922 decoquis
805 1846 837 1905 in
855 1846 927 1908 vino
952 1851 1114 1915 sufficienti

95 1938 127 1995 et
149 1934 233 1994 dabis
256 1953 310 2009 per
331 1951 427 1993 nares.

69 2033 84 2088 7
160 2021 239 2081 Item
266 2020 357 2080 aliud.
404 2040 592 2082 cucumerem
619 2023 790 2083 silvaticum
815 2024 889 2083 teris
919 2030 979 2085 aut
1002 2028 1113 2090 radices

95 2109 190 2188 ipsius
214 2109 372 2170 contundis
396 2113 427 2170 et
449 2111 545 2171 cernis
567 2113 598 2171 et
625 2130 694 2171 cum
716 2112 780 2173 vini
802 2113 940 2172 sextariis
963 2114 1016 2176 HI
1037 2137 1113 2179 eom-

95 2199 200 2259 misces
233 2202 264 2258 et
294 2197 367 2258 nitri
399 2199 465 2259 triti
497 2203 528 2260 et
555 2200 628 2260 creti
655 2219 722 2260 uno.
751 2201 846 2260 semis.
891 2201 985 2262 simul
1015 2206 1113 2267 omnis

95 2288 255 2365 diligenter
282 2287 354 2347 teris
382 2290 413 2348 et
440 2289 508 2348 inde
535 2288 675 2366 potiones
702 2289 807 2349 diebus
838 2291 981 2367 quinque.
1029 2314 1112 2372 pras·

94 2379 177 2436 terea
199 2378 354 2453 pulverem
376 2376 412 2436 de
434 2378 585 2438 radicibus
603 2378 768 2437 cucumeris
789 2378 920 2438 silvatici
937 2380 988 2440 vel
1013 2383 1136 2460 ipsum!

95 2484 283 2525 cucumerem
309 2465 417 2525 tritum
443 2466 475 2525 in
503 2486 614 2543 aquam
640 2466 751 2543 mittis,
784 2485 876 2542 quam
904 2470 1038 2544 poturus
1067 2473 1110 2532 est

95 2554 149 2631 qui
171 2554 289 2629 patibsr
310 2555 456 2615 morbum.

67 2652 85 2708 8
160 2642 238 2703 Item
260 2643 361 2720 pulvis
385 2641 491 2719 Optati
513 2644 625 2704 faciens
653 2643 691 2702 ad
718 2642 856 2703 morbum
884 2647 915 2704 et
937 2645 977 2704 ad
1000 2648 1107 2708 omnia

94 2730 204 2790 libram
234 2731 343 2791 herbae
375 2731 521 2811 Sabinae,
553 2731 711 2810 trixaginis
749 2751 816 2791 uno.
840 2732 900 2811 III,
930 2737 1108 2797 centaureae

94 2838 161 2880 une.
185 2820 228 2897 Π,
261 2820 470 2880 aristolochiae
503 2841 569 2881 unc.
594 2820 668 2899 ΠΠ,
696 2821 839 2880 bacarum
875 2823 955 2882 lauri
977 2843 1047 2886 unc.
1070 2824 1148 2903 IL!-

94 2929 214 2969 murrae
251 2928 318 2969 unc.
354 2908 427 2968 1111:
468 2911 569 2969 omnia
608 2910 771 2970 contundes
811 2912 842 2969 et
878 2931 979 2971 cernes
1013 2916 1045 2972 et
1078 2914 1108 2972 in

166 3101 180 3148 1
201 3096 226 3149 si
244 3098 355 3152 addidit
373 3097 469 3153 Sarct.
483 3098 522 3167 116
541 3102 603 3158 Π.
621 3101 698 3153 coni.
718 3099 748 3152 to
767 3096 900 3167 diapente
918 3099 1030 3166 seropes-
1054 3102 1108 3153 lum

94 3169 164 3219 cons
182 3166 275 3222 stodia
292 3169 377 3237 pente
390 3170 429 3238 lt
448 3185 558 3237 myrrae
570 3170 610 3238 lt
629 3167 769 3224 adunatur
782 3169 792 3238 fl
807 3174 839 3222 11
858 3169 991 3239 niciuml
1007 3174 1039 3223 18
1053 3168 1106 3224 Be·

92 3236 244 3290 neventani
257 3253 280 3292 c.
295 3255 322 3293 v.
340 3239 453 3308 scripsi:
471 3239 694 3296 beneuentanien
706 3243 717 3310 ΙΙ
731 3245 764 3294 16
783 3238 964 3311 multiplicet
980 3245 1012 3295 17
1027 3239 1085 3294 feni

94 3308 128 3359 18
139 3306 291 3362 absintinm
305 3311 316 3375 ΙΙ
331 3314 363 3363 19
374 3310 476 3437 mil
489 3316 523 3366 22
533 3311 688 3366 contundes
705 3319 709 3369 Ι
725 3311 862 3365 sextarios
877 3315 882 3380 1
899 3310 976 3365 lllR
1001 3309 1091 3366 s'HP

92 3377 128 3428 28
142 3382 202 3434 unc.
219 3377 316 3452 semis]
328 3379 441 3449 οὐγγίας
469 3382 484 3448 ξ
498 3382 534 3438 H
553 3380 669 3451 abacos
683 3379 712 3448 ἕξ
726 3382 775 3451 Pp
788 3389 823 3437 24
837 3386 965 3452 preterea
977 3382 988 3451 l
1002 3387 1036 3436 25
1050 3379 1105 3436 sal-

91 3446 182 3502 satiei
195 3452 205 3520 Ι
219 3454 253 3506 29
272 3452 433 3522 trexogonis
447 3456 457 3523 Ι
470 3458 505 3508 ³0
524 3453 670 3507 baccarum
685 3456 742 3524 181
762 3469 872 3524 myrrae
