2348 3878
501 105 721 170 ,74-

105 287 192 329 nares
206 268 383 347 fumigabis3
403 268 429 327 si
446 288 501 344 per
518 270 678 347 veretrum,
697 271 815 348 gallum
831 274 864 331 at
877 273 1018 332 catulum
1030 273 1112 332 simul

106 359 138 415 in
170 376 251 434 aqua
288 356 429 433 decoquis
466 358 657 433 colatamque
695 377 808 434 aquam
844 360 1002 436 sulphuris
1033 362 1112 439 drag·

105 464 171 505 mae
196 442 265 521 [ὲ]
289 445 439 523 levigatae
463 445 600 504 miscebis
618 465 745 522 eamque
765 447 923 522 potionem
943 449 978 508 in
1000 467 1034 509 os
1056 450 1112 509 eius

106 534 246 594 infundes
268 553 323 610 per
344 534 407 592 dies
430 534 588 593 continuos
611 553 726 593 novem

38 628 96 685 206
172 622 221 681 Ad
243 623 366 681 initium
389 621 518 698 suspirii.
555 640 671 681 vermes
694 623 729 681 de
757 622 885 698 pistrino
914 627 1034 701 septem
1054 636 1143 685 cums

107 712 170 772 vini
194 711 311 788 cyathis
329 710 401 788 VH,
433 710 497 770 ovis
524 709 655 788 duobus,
678 711 738 770 olei
764 712 883 788 cyathis
904 713 938 772 H
963 714 1114 791 tepefactis

109 801 200 860 simul
223 802 254 859 et
277 799 417 877 levigatis
440 818 494 874 per
516 816 602 857 nares
625 799 786 859 infundite.

38 893 94 950 aot
173 889 221 948 Ad
251 889 321 965 equi
354 887 525 964 suspirium.
572 887 654 962 passi
682 886 792 947 Oretici
824 890 912 966 sext,
941 889 997 949 iris
1024 890 1114 966 lllyri-

106 997 158 1037 cae
179 1008 235 1053 -,
258 977 370 1051 piperis
393 1008 447 1053 -,
471 976 550 1035 croci
572 994 649 1053 unc,
672 995 792 1036 murrae
814 977 950 1055 troglitis
973 1010 1023 1056 -,
1046 979 1115 1037 turis

107 1065 259 1141 pollinem,
274 1064 426 1123 tracanthi
447 1096 496 1142 —,
515 1083 593 1124 uvae
611 1082 718 1140 passae
742 1063 788 1140 [in
806 1065 867 1125 alio
890 1066 947 1126 sic:
970 1086 1050 1128 uvae
1066 1065 1115 1141 Vl:
1126 1077 1143 1117 1⁰

105 1154 179 1212 haec
198 1152 299 1212 omnia
317 1151 489 1211 commisces
508 1155 539 1210 et
556 1155 662 1227 postea
680 1153 783 1213 fauces
800 1153 866 1214 eius
883 1155 985 1234 melle,
1003 1156 1115 1233 butyro,

107 1241 248 1318 axungia,
270 1240 332 1299 sale
356 1240 472 1300 modico
495 1235 673 1317 †avenabis.
957 1286 961 1292 .

41 1325 98 1382 208
174 1329 224 1388 Ad
242 1328 407 1404 suspirium
423 1328 651 1408 validissimum,
671 1331 706 1389 de
726 1349 786 1406 quo
806 1330 899 1390 etiam
916 1334 948 1391 et
966 1332 1117 1409 suspendit

108 1417 162 1477 ilia
190 1420 221 1479 et
249 1419 352 1478 oculos
379 1419 428 1477 vel
456 1419 577 1478 oculum
605 1419 744 1477 dextrum
773 1420 943 1480 coloratum
974 1421 1116 1498 habuerit,
1162 1436 1164 1513 j

109 1527 326 1585 nonnunquam
349 1507 441 1568 etiam
463 1507 619 1566 maxillam
645 1507 849 1586 tumidiorem,
873 1509 1009 1570 incessus
1032 1511 1164 1623 etiamst]

108 1617 169 1657 non
191 1601 296 1658 rectos.
330 1597 408 1656 inter
430 1596 519 1656 initia
537 1596 593 1655 hoc
610 1597 726 1655 malum
744 1596 834 1656 citius
852 1597 948 1657 nimia
965 1598 1117 1678 diligentia

109 1687 271 1746 sedabitur.
308 1686 462 1746 considera
481 1684 668 1763 diligentius:
692 1685 718 1744 si
737 1686 841 1745 dextra
853 1705 924 1762 pars
946 1687 1043 1747 fuerit
1059 1705 1116 1748 cur

112 1777 193 1853 vata,
214 1775 379 1852 sanabitur,
399 1774 424 1832 si
444 1774 574 1851 sinistra,
597 1772 719 1833 difficile
737 1773 931 1834 obtinebitur.
956 1775 1116 1836 adhibenda
1162 1762 1164 1819 ἶ

108 1867 179 1922 sunt
208 1866 310 1922 tamen
338 1863 419 1920 haec.
462 1862 620 1921 duodecim
651 1881 742 1922 venas
774 1881 877 1923 omnes
905 1865 978 1941 equi
1006 1865 1115 1941 solvito,

107 1951 152 2008 ita
174 1953 211 2009 ut
233 1951 269 2009 de
293 1949 448 2026 quaternis
472 1950 649 2027 sanguinem
671 1951 812 2011 detrahas
838 1972 893 2027 per
919 1953 1069 2031 triduum,
1089 1953 1140 2012 etll

108 2037 192 2096 dabis
219 2038 296 2095 hanc
324 2037 489 2112 potionem:
518 2040 596 2098 croci
624 2034 725 2119 <->,
757 2059 876 2100 murrae
908 2042 1043 2120 troglitis
1068 2071 1113 2117 -,

111 2126 210 2201 spicae
229 2125 315 2183 nardi
338 2158 391 2204 -,
414 2127 526 2202 piperis
555 2128 617 2186 albi
636 2160 692 2206 -,
717 2147 813 2205 aquae
836 2129 953 2189 mulsae
977 2135 1050 2191 sext.
1069 2128 1114 2206 ΠΙ,

110 2214 169 2274 olei
196 2214 305 2273 veteris
334 2218 405 2274 sext.
425 2216 455 2293 Ι,
483 2215 546 2275 vini
573 2217 682 2277 veteris
710 2218 1114 2295 sext.,oleilau1inihem.,
1161 2210 1164 2271 ἶ

110 2303 169 2362 olei
186 2304 295 2363 rosacii
309 2304 401 2382 selib,
418 2305 537 2364 lentisci
554 2306 629 2364 hem.
650 2306 751 2365 omnia
769 2306 802 2363 in
823 2325 937 2366 novum
955 2326 1011 2369 vas
1028 2306 1114 2368 mittis

110 2395 141 2450 et
175 2394 311 2453 catulum
338 2393 455 2453 dierum
486 2395 514 2453 X
545 2413 614 2453 cum
650 2394 720 2454 favo
752 2394 858 2454 misces
890 2396 940 2455 vel
967 2398 1065 2457 mulso
1090 2393 1141 2454 os

110 2500 166 2542 ovo
184 2482 207 2540 I.
245 2482 350 2542 diebus
378 2482 528 2542 continuis
556 2482 641 2542 dabis
663 2483 817 2558 potionem
840 2486 1081 2562 suprascriptam.

177 2570 225 2629 Ad
254 2571 429 2650 suspirium,
459 2570 541 2648 quod
573 2591 609 2630 ex
640 2571 733 2631 nimio
766 2571 872 2632 sudore
901 2574 1049 2652 nascitur,
1075 2570 1118 2632 vel

43 2651 180 2735 aoa<si>
204 2679 240 2718 ex
262 2660 355 2720 nimio
379 2660 508 2736 suspirio
528 2660 619 2719 sudor
646 2661 677 2718 et
703 2680 921 2737 nonnunquam
953 2663 1047 2722 etiam
1071 2676 1119 2737 per

110 2765 196 2806 nares
223 2749 387 2823 purulenta
414 2751 568 2825 apparent.
605 2748 676 2808 huic
698 2749 831 2824 passioni
853 2751 937 2826 potio
967 2752 1041 2811 haec
1068 2748 1122 2809 erit

111 2835 280 2912 aptissima:
303 2837 386 2912 passi
413 2836 524 2897 Cretici
553 2840 625 2896 sext.
654 2855 685 2914 s,
709 2838 846 2897 costi-
864 2839 924 2918 HI,
952 2839 1034 2899 floris
1056 2839 1122 2914 hys
1141 2824 1164 2869 ²³

165 2989 345 3058 ‘adequoquis
359 2990 368 3058 ΙΙ
382 2987 506 3060 8illirice
520 2990 530 3057 ΙΙ
544 2987 659 3042 θοτοοεί
674 2990 679 3054 Ι
695 3004 804 3056 myrrae
817 2991 827 3056 ΙΙ
842 2993 875 3042 10
880 3007 963 3058 passe
976 2991 986 3058 [1
1002 2995 1034 3045 12
1043 3005 1126 3042 asun-

111 3058 182 3127 gian
198 3067 230 3114 16
249 3066 343 3115 rectus
356 3061 366 3126 ΙΙ
383 3066 414 3113 17
430 3061 576 3112 considera
593 3059 706 3127 scripsi:
724 3059 919 3113 considerandi
938 3061 967 3115 R
1000 3061 1125 3115 conside‘

113 3130 230 3181 randum
250 3132 320 3183 coni.
340 3130 436 3184 Sarch.
453 3131 458 3200 Ι
475 3128 574 3184 dextia
590 3129 594 3193 Ι
610 3130 727 3182 curvata
745 3130 857 3197 scripsi:
875 3133 1068 3200 purgatall18
1086 3128 1126 3181 sit

112 3197 204 3250 nixtra
223 3201 232 3265 ΙΙ
251 3204 284 3252 19
303 3199 355 3252 hec
369 3201 379 3267 ΙΙ
393 3207 426 3252 21
446 3199 546 3253 mitrae
560 3199 569 3266 ΙΙ
583 3205 618 3252 24
636 3196 749 3251 lentisci
766 3197 839 3253 hem.
859 3199 886 3252 R
924 3208 1019 3268 φακῆς
1037 3197 1066 3265 ξέ
1078 3243 1083 3254 .
1094 3190 1130 3251 s'

111 3267 178 3320 ΗΡ
195 3268 229 3332 (h.
250 3284 270 3321 e.
289 3267 383 3333 lentis,
401 3271 516 3334 foetosae
534 3270 644 3336 rectius)
658 3269 668 3336 ss
682 3273 716 3322 25
739 3268 805 3322 fabo
828 3272 838 3338 ΙΙ
856 3274 891 3323 27
911 3271 987 3336 quod
1005 3287 1024 3324 a
1041 3283 1136 3323 emer

112 3385 199 3442 nimio
217 3387 259 3440 a1
277 3388 352 3469 quos
370 3405 389 3442 a
406 3351 491 3459 egi-m
505 3390 592 3444 nimio
607 3407 676 3446 corr.
693 3391 775 3446 Potes.
790 3392 800 3459 ιι
814 3396 847 3444 ae
867 3392 1014 3460 pululante
1029 3396 1033 3459 l
1048 3391 1098 3444 nee
1111 3384 1128 3455 ,ι

111 3464 147 3512 30
161 3457 243 3510 flores
258 3472 341 3527 ysopi
