2310 3876
485 89 543 154 '-
595 108 658 172 154
704 145 745 153 -

119 272 188 336 δρου
208 266 291 335 χυλὸν
315 265 364 318 καὶ
389 262 526 331 σινήπυος
548 265 579 319 τὸ
603 265 722 334 ἀρκοῦν,
741 261 924 325 ὀκοκάνακος
947 263 1038 333 ὀλίγον
1060 265 1110 334 μετὰ

121 336 300 407 ὑδρομέλιτος
314 335 362 389 καὶ
376 336 470 405 ὀλίγον
485 331 580 390 ἐλαίου
600 336 734 405 συμμίξας
747 336 829 389 δίδον
840 335 994 390 —omissis
1009 335 1109 404 reliquis.

122 409 156 463 cf.
173 413 224 462 114
242 424 306 462 cum
325 409 419 462 adnot.

190 478 396 549 peduculos]
426 478 524 532 eadem
553 477 693 546 scriptura
719 483 769 533 122
798 479 827 531 et
853 475 884 529 in
908 475 1021 544 glossis,
1048 475 1108 546 dorp.

122 551 207 618 gloss.
227 550 254 603 lI
272 566 298 618 p.
321 554 370 603 145
395 551 562 618 peduculum
594 545 696 617 φθείο,
729 566 755 616 p.
774 551 828 602 410
856 549 945 618 sedete
971 549 1110 617 perlucidus,

118 639 145 689 p.
160 626 211 675 471
228 622 364 689 φθειρίζω
379 620 522 690 peduculo.
542 619 654 674 Patron.
671 622 721 674 sat.
739 624 771 672 ot
782 619 932 688 peduclum
946 619 1020 687 (vide
1034 618 1109 672 Fried-

121 692 246 747 laenden'
264 693 372 759 adnot.)

191 761 322 832 sinapi]
343 761 450 831 scripsi,
468 760 605 816 vixerim
625 760 731 830 sinopis
746 759 932 829 credipotest
950 759 986 815 ad
1005 761 1108 814 doloren

119 833 225 888 ventris
241 833 408 888 intrinsecus
422 831 491 900 dari,
506 831 574 886 licet
588 833 717 901 capacior
732 831 768 885 sit
782 847 918 900 equorum
928 833 1032 886 venter.
1042 845 1108 898 quae·

119 903 192 958 ritur
201 907 294 959 tamen
304 921 371 957 num
380 905 535 972 sinopidem
546 902 667 957 retinere
678 902 831 967 debuerim,
841 901 920 955 cuius
931 900 1108 956 declinationis

120 971 1107 1101 exemfllgmlegolleffffiffle⁰rss0912⁹³·d·L?I·W0‘}l,f01ffl011⁸·7·pr⁰f⁰¹}

506 1061 641 1098 στυνου
668 1064 705 1097 κα
751 1063 788 1097 κα
825 1062 898 1097 αου
931 1061 982 1098 cus
1021 1064 1038 1096 α
1068 1062 1107 1096 nt.

121 1117 159 1168 M
175 1122 209 1170 90
227 1115 275 1184 χα’
296 1112 472 1184 usdaudana
491 1064 606 1176 sordide.
622 1116 766 1184 στρύχνου,
785 1063 1041 1183 dnadupsnlnnqr‘du
1054 1112 1107 1168 οῧτο

120 1184 293 1254 καλουμένης
311 1184 389 1254 παρὰ
404 1183 549 1254 Ῥωμαίοις
568 1183 697 1257 βοτάνης,
715 1184 793 1254 παρὰ
812 1182 966 1254 δὲἝλληοι
984 1184 1107 1254 καρδάμου

121 1260 177 1310 κτλ.
216 1257 353 1309 excidisse
372 1254 461 1321 igitur
474 1256 585 1311 videtur
604 1259 736 1327 strychni,
754 1273 838 1324 quam
861 1257 979 1310 herbam
996 1263 1108 1311 struunt

122 1326 169 1380 vel
196 1328 358 1382 cucubalum
385 1325 480 1380 Latini
508 1326 639 1381 dixerunt
666 1327 747 1396 (Plin.
766 1327 832 1380 XXI
851 1331 914 1395 1783
950 1328 1107 1393 1111111100),

123 1397 248 1452 Dioscor.
265 1398 302 1450 IV
318 1405 349 1452 71
371 1395 498 1471 στομάχῳ
516 1395 680 1471 κανοομὲνῳ
700 1401 818 1470 βοηθεῖν
838 1397 968 1451 affirmat.

192 1469 246 1523 121
266 1469 338 1523 Vide
357 1487 429 1538 quae
448 1473 483 1524 ad
501 1471 574 1524 hanc
592 1470 851 1540 praesentationem
874 1469 1056 1523 Buechelerus
1071 1466 1107 1519 sd·

121 1541 231 1595 notavit
244 1541 315 1595 Mus.
329 1540 417 1595 Rhen.
432 1541 487 1595 vol.
502 1547 537 1594 45
550 1557 578 1609 p.
593 1546 653 1594 339.
673 1538 782 1594 utinam
795 1538 820 1594 is
834 1542 882 1607 qui
896 1538 1004 1594 Graeca
1013 1536 1107 1608 Hippia·

121 1611 194 1665 trica
213 1611 354 1682 congessit
373 1611 593 1681 superstitiosior
610 1611 721 1666 fuisset!
741 1611 861 1664 removit
875 1610 950 1663 enim
964 1610 1020 1664 fere
1035 1607 1107 1664 omnia

120 1683 220 1736 harum
240 1681 471 1752 superstitionum
490 1683 630 1751 exempla,
654 1682 755 1751 quibus
776 1679 889 1750 Apsyrti
914 1681 987 1735 liber
1009 1679 1106 1758 refertus

121 1755 206 1808 luisse
225 1753 344 1809 videtur.
381 1770 453 1807 unus
473 1754 560 1807 codex
578 1752 720 1808 Parisinus
738 1751 842 1806 Milleri
856 1752 992 1806 nonnulla
1007 1748 1107 1806 servant

122 1825 238 1879 obscure
253 1826 359 1892 scripta
374 1825 419 1892 (cf.
435 1842 461 1892 p.
474 1829 515 1879 15.
532 1830 573 1880 16.
589 1829 631 1878 22.
647 1829 689 1878 et.
705 1829 747 1877 69,
764 1828 823 1877 193.
839 1824 910 1890 128).
938 1821 1107 1892 Pelagoniam

120 1894 202 1949 huius
228 1895 339 1963 generis
362 1896 419 1948 alia
442 1911 506 1948 mox
529 1897 691 1964 sequentur,
715 1911 786 1962 quae
808 1911 843 1948 ne
866 1894 987 1962 Vegetio
1015 1892 1106 1961 quiden
1147 1902 1149 1913 ·

120 1966 206 2031 digna
225 1964 286 2018 visa
305 1966 371 2018 sunt
388 1980 461 2032 quae
478 1963 676 2033 reciperentur.
702 1966 788 2019 immo
806 1965 831 2019 is
853 1966 999 2032 tamquam
1022 1964 1106 2018 detrec·
1147 1968 1149 1973 ’

120 2035 240 2088 tutorem
264 2037 292 2088 et
315 2036 536 2103 contemptorem
562 2050 592 2088 se
614 2035 704 2090 iactat
721 2036 748 2089 II
768 2041 849 2102 11,2
877 2037 1006 2104 (dolorem
1027 2031 1106 2089 unlus
1145 2044 1149 2147 χ’

122 2106 154 2157 in
171 2105 300 2158 iumentis
318 2106 544 2160 veterinauiorusn
563 2107 703 2174 imperitia
718 2111 801 2175 putat
826 2108 908 2174 facilc
926 2122 1006 2175 posse
1024 2101 1105 2163 cutam

120 2176 193 2242 quod
210 2191 293 2245 praue
311 2177 402 2230 nescit.
422 2182 447 2230 ct
465 2192 498 2230 ea
516 2178 675 2231 ventositate
687 2178 729 2232 uel
746 2178 943 2247 constipatione
961 2179 1054 2233 uitium
1065 2180 1106 2228 tu·
1146 2152 1149 2269 ¹

119 2247 207 2300 siones
231 2252 329 2301 uocant
352 2252 376 2300 et
401 2248 563 2302 interiorum
586 2249 747 2316 incisiones,
770 2250 870 2317 quibus
893 2253 944 2302 aut
963 2247 1106 2317 praecaute
1146 2272 1149 2313 t

121 2317 206 2371 tiones
225 2319 400 2372 anicularum
418 2334 491 2373 snare
509 2323 559 2373 aut
581 2320 694 2389 aliquod
716 2321 796 2389 quasi
813 2320 960 2390 physicum
981 2317 1106 2395 centulum
1147 2346 1149 2377 :

122 2388 231 2454 adferre
249 2391 403 2458 conantur),
423 2389 477 2443 etsi
496 2389 570 2459 apud
588 2393 698 2445 veteres
716 2388 866 2459 magnoin
888 2389 994 2445 honore
1005 2381 1107 2444 «meunt

120 2460 153 2513 ut
162 2461 208 2515 vel
218 2460 331 2514 Catonis
346 2462 380 2515 de
395 2458 480 2529 agric.
497 2466 548 2514 150
563 2461 599 2515 ad
614 2461 710 2515 luxum
726 2461 849 2515 cantatio
864 2459 985 2514 barbara
998 2457 1106 2514 testatur·

120 2531 292 2586 consimilem
310 2532 532 2586 incantationem
555 2533 727 2602 deprehendi
745 2533 820 2600 apud
842 2531 1008 2585 Marcellum
1021 2535 1060 2598 28,
1073 2527 1107 2605 itt

118 2618 227 2656 canneru
245 2604 283 2657 ad
300 2619 378 2657 rosus
396 2605 452 2657 siue
469 2603 608 2658 λοκκίκακκ
625 2605 681 2658 sice
699 2604 863 2657 animalium
888 2603 1053 2658 diuersorum
1072 2605 1108 2676 83⁶·

114 2672 238 2739 palmam
256 2679 333 2726 tsuan
348 2689 434 2741 pones
452 2679 548 2728 contra
566 2674 683 2729 dolentis
704 2678 822 2728 uentrem
840 2678 865 2728 et
887 2674 953 2728 lucc
977 2680 1017 2730 ter
1034 2673 1109 2726 1151113

119 2742 206 2795 dices.-
224 2744 328 2811 stolpus
347 2760 364 2797 a
383 2744 456 2797 caelo
475 2744 581 2810 cecidit,
600 2745 673 2798 lunc
685 2746 807 2799 mos-dum
819 2749 942 2812 pastores
955 2736 1110 2800 unaucurt

121 2813 180 2866 sine
197 2814 325 2867 munibus
344 2813 516 2882 ecllcperuut,
534 2815 593 2868 sine
610 2815 672 2883 ipui
690 2820 830 2883 coruunt,
847 2817 906 2870 siue
920 2817 1045 2871 dentibus
1053 2820 1110 2870 cett¹

118 2884 230 2938 ederunt
248 2886 285 2953 (p.
301 2888 353 2937 295
372 2883 415 2937 ed.
430 2883 609 2953 Helmreich).

189 2953 246 3008 124
265 2952 299 3008 Η
312 2959 362 3008 150
381 2953 456 3008 dito.
487 2953 606 3024 χλιαράν
626 2955 746 3024 στακτὴν
761 2956 830 3026 μετὰ
846 2956 939 3010 ἐλαίου
954 2957 1003 3010 καί
1017 2954 1112 3025 μέλιτος

119 3023 211 3094 ὀλίγον
226 3031 287 3089 ταῖς
301 3024 441 3096 φάρνχξιν
461 3022 563 3151 &pugionis
577 3031 633 3080 κτλ.
660 3027 698 3081 Μ
708 3033 741 3080 91
757 3027 796 3097 χί
817 3027 887 3097 πρὸς
902 3028 1024 3098 στρόφον
1037 3029 1112 3081 tenu

117 3096 251 3167 χρήσιμον
269 3096 411 3169 βοήθημα.
440 3098 473 3151 cf.
506 3099 591 3151 olum.
609 3097 906 3168 V130,10praeseus
923 3101 1058 3154 medicina
1074 3091 1113 3152 eti

119 3173 161 3219 stu
175 3175 206 3220 ut
219 3171 449 3238 suprascriptum
464 3174 502 3224 est
516 3171 587 3238 (58),
600 3171 718 3224 inserere
734 3186 846 3224 manum
862 3176 888 3224 et
896 3170 990 3237 finium
1003 3172 1113 3245 55111511·

189 3237 246 3292 125
273 3238 442 3310 bidellae]
470 3241 585 3295 cidellas
609 3239 731 3294 traditur
756 3257 806 3308 pro
834 3240 949 3308 bdellae,
977 3245 1009 3295 ut
1035 3244 1114 3293 1511118

119 3306 277 3373 appellatur
287 3310 416 3364 bdellium
431 3309 477 3379 (ci.
493 3310 564 3367 Plin.
577 3310 630 3364 XII
644 3317 678 3364 35
694 3326 751 3377 seq.
771 3310 988 3379 Dioscor.180).
1010 3306 1115 3365 stulu

119 3376 249 3430 scribitur
268 3378 353 3431 etiam
373 3385 424 3433 198
445 3381 624 3451 (Diluere),
643 3379 760 3435 eandem
777 3380 896 3436 formam
910 3381 1023 3450 Vegetii
1038 3378 1115 3456 code}

117 3446 479 3518 CorbeiensisV114,1.4
502 3451 624 3521 exhibet,
652 3449 797 3506 Gothanus
820 3452 975 3522 posteriore
997 3453 1059 3508 loco
1081 3449 1115 3504 u·
