<?xml version="1.0" encoding="UTF-8"?>
<!DOCTYPE html PUBLIC "-//W3C//DTD XHTML 1.0 Transitional//EN"
    "http://www.w3.org/TR/xhtml1/DTD/xhtml1-transitional.dtd">
<html xmlns="http://www.w3.org/1999/xhtml" xml:lang="en" lang="en">
 <head>
  <title>
</title>
<meta http-equiv="Content-Type" content="text/html;charset=utf-8" />
  <meta name='ocr-system' content='tesseract 3.04.00' />
  <meta name='ocr-capabilities' content='ocr_page ocr_carea ocr_par ocr_line ocrx_word'/>
</head>
<body>
  <div class='ocr_page' id='page_1' title='image "./pelagoniiartiav00pelagoog_0202.png"; bbox 0 0 2348 3878; ppageno 0'>
   <div class='ocr_carea' id='block_1_1' title="bbox 439 75 682 138">
    <p class='ocr_par' dir='ltr' id='par_1_1' title="bbox 439 75 682 138">
     <span class='ocr_line' id='line_1_1' title="bbox 439 75 682 138; baseline 0 0"><span class='ocrx_word' id='word_1_1' title='bbox 439 75 682 138; x_wconf 76' lang='lat'>—196-</span> 
     </span>
    </p>
   </div>
   <div class='ocr_carea' id='block_1_2' title="bbox 58 228 1151 3480">
    <p class='ocr_par' dir='ltr' id='par_1_2' title="bbox 127 228 1047 300">
     <span class='ocr_line' id='line_1_2' title="bbox 127 228 1047 300; baseline -0.004 -14"><span class='ocrx_word' id='word_1_2' title='bbox 127 231 219 287; x_wconf 87' lang='lat' dir='ltr'>oculi</span> <span class='ocrx_word' id='word_1_3' title='bbox 237 229 293 285; x_wconf 85' lang='lat' dir='ltr'>vel</span> <span class='ocrx_word' id='word_1_4' title='bbox 311 229 499 300; x_wconf 89' lang='lat' dir='ltr'>oculorum]</span> <span class='ocrx_word' id='word_1_5' title='bbox 520 228 687 284; x_wconf 84' lang='lat' dir='ltr'>alterutrum</span> <span class='ocrx_word' id='word_1_6' title='bbox 706 228 818 284; x_wconf 84' lang='lat' dir='ltr'>sufficit.</span> <span class='ocrx_word' id='word_1_7' title='bbox 843 230 879 284; x_wconf 90' lang='lat' dir='ltr'>cf.</span> <span class='ocrx_word' id='word_1_8' title='bbox 894 228 962 284; x_wconf 89' lang='lat' dir='ltr'>Mus.</span> <span class='ocrx_word' id='word_1_9' title='bbox 975 229 1047 282; x_wconf 86' lang='lat' dir='ltr'>Rhen.</span> 
     </span>
    </p>

    <p class='ocr_par' dir='ltr' id='par_1_3' title="bbox 59 323 1050 654">
     <span class='ocr_line' id='line_1_3' title="bbox 105 323 1049 441; baseline -0.006 -13"><span class='ocrx_word' id='word_1_10' title='bbox 105 323 161 428; x_wconf 81' lang='lat' dir='ltr'>pet</span> <span class='ocrx_word' id='word_1_11' title='bbox 188 389 248 440; x_wconf 86' lang='lat' dir='ltr'>per</span> <span class='ocrx_word' id='word_1_12' title='bbox 275 388 374 426; x_wconf 87' lang='lat' dir='ltr'>nares</span> <span class='ocrx_word' id='word_1_13' title='bbox 401 371 534 426; x_wconf 88' lang='lat' dir='ltr'>inserta</span> <span class='ocrx_word' id='word_1_14' title='bbox 559 370 681 425; x_wconf 85' lang='lat' dir='ltr'>fistula</span> <span class='ocrx_word' id='word_1_15' title='bbox 704 387 728 426; x_wconf 87' lang='lat' dir='ltr'>e.</span> <span class='ocrx_word' id='word_1_16' title='bbox 749 357 775 438; x_wconf 89' lang='lat' dir='ltr'>q</span> <span class='ocrx_word' id='word_1_17' title='bbox 795 370 831 441; x_wconf 82' lang='lat' dir='ltr'>s]</span> <span class='ocrx_word' id='word_1_18' title='bbox 854 387 909 426; x_wconf 88' lang='lat' dir='ltr'>om.</span> <span class='ocrx_word' id='word_1_19' title='bbox 928 371 964 425; x_wconf 91' lang='lat' dir='ltr'>H.</span> <span class='ocrx_word' id='word_1_20' title='bbox 991 369 1049 439; x_wconf 88' lang='lat' dir='ltr'>quod</span> 
     </span>
     <span class='ocr_line' id='line_1_4' title="bbox 62 437 1050 512; baseline -0.007 -13"><span class='ocrx_word' id='word_1_21' title='bbox 62 444 197 499; x_wconf 83' lang='lat' dir='ltr'>traditum</span> <span class='ocrx_word' id='word_1_22' title='bbox 217 445 261 496; x_wconf 85' lang='lat' dir='ltr'>est</span> <span class='ocrx_word' id='word_1_23' title='bbox 278 444 401 498; x_wconf 77' lang='lat' dir='ltr'>inerrato</span> <span class='ocrx_word' id='word_1_24' title='bbox 418 458 453 496; x_wconf 87' lang='lat' dir='ltr'>uo</span> <span class='ocrx_word' id='word_1_25' title='bbox 471 441 618 511; x_wconf 80' lang='lat' dir='ltr'>vulgarem</span> <span class='ocrx_word' id='word_1_26' title='bbox 635 441 749 509; x_wconf 87' lang='lat' dir='ltr'>quidem</span> <span class='ocrx_word' id='word_1_27' title='bbox 766 442 887 495; x_wconf 83' lang='lat' dir='ltr'>formam</span> <span class='ocrx_word' id='word_1_28' title='bbox 905 437 1050 512; x_wconf 79' lang='lat' dir='ltr'>putaverim,</span> 
     </span>
     <span class='ocr_line' id='line_1_5' title="bbox 60 509 1050 583; baseline -0.004 -15"><span class='ocrx_word' id='word_1_29' title='bbox 60 513 114 569; x_wconf 83' lang='lat' dir='ltr'>etsi</span> <span class='ocrx_word' id='word_1_30' title='bbox 137 514 297 583; x_wconf 87' lang='lat' dir='ltr'>Ducangins</span> <span class='ocrx_word' id='word_1_31' title='bbox 321 517 353 581; x_wconf 83' lang='lat' dir='ltr'>(s.</span> <span class='ocrx_word' id='word_1_32' title='bbox 369 532 395 568; x_wconf 89' lang='lat' dir='ltr'>v.</span> <span class='ocrx_word' id='word_1_33' title='bbox 414 514 545 580; x_wconf 82' lang='grc' dir='ltr'><strong><em>ι’κεειατε)</em></strong></span> <span class='ocrx_word' id='word_1_34' title='bbox 571 529 605 567; x_wconf 86' lang='lat' dir='ltr'>ex</span> <span class='ocrx_word' id='word_1_35' title='bbox 628 511 765 580; x_wconf 84' lang='lat' dir='ltr'>glossario</span> <span class='ocrx_word' id='word_1_36' title='bbox 788 512 916 567; x_wconf 84' lang='lat' dir='ltr'>Provine.</span> <span class='ocrx_word' id='word_1_37' title='bbox 931 509 1050 567; x_wconf 78' lang='lat' dir='ltr'>Latood.</span> 
     </span>
     <span class='ocr_line' id='line_1_6' title="bbox 59 582 920 654; baseline -0.003 -15"><span class='ocrx_word' id='word_1_38' title='bbox 59 584 143 654; x_wconf 81' lang='lat' dir='ltr'>Regii</span> <span class='ocrx_word' id='word_1_39' title='bbox 157 590 225 639; x_wconf 75' lang='lat'>7657</span> <span class='ocrx_word' id='word_1_40' title='bbox 245 585 384 653; x_wconf 87' lang='lat' dir='ltr'>producat</span> <span class='ocrx_word' id='word_1_41' title='bbox 402 589 524 636; x_wconf 82' lang='lat' dir='ltr'>errcertur</span> <span class='ocrx_word' id='word_1_42' title='bbox 543 582 634 647; x_wconf 78' lang='lat' dir='ltr'>Prou,</span> <span class='ocrx_word' id='word_1_43' title='bbox 654 584 772 637; x_wconf 79' lang='grc' dir='ltr'><strong><em>ι’κεετετε</em></strong></span> <span class='ocrx_word' id='word_1_44' title='bbox 788 584 920 637; x_wconf 80' lang='lat' dir='ltr'>incerare.</span> 
     </span>
    </p>

    <p class='ocr_par' dir='ltr' id='par_1_4' title="bbox 131 650 964 725">
     <span class='ocr_line' id='line_1_7' title="bbox 131 650 964 725; baseline -0.005 -14"><span class='ocrx_word' id='word_1_45' title='bbox 131 654 187 711; x_wconf 89' lang='grc'>444</span> <span class='ocrx_word' id='word_1_46' title='bbox 206 656 239 710; x_wconf 89' lang='grc' dir='ltr'><em>Η</em></span> <span class='ocrx_word' id='word_1_47' title='bbox 255 660 290 708; x_wconf 95' lang='grc'>44</span> <span class='ocrx_word' id='word_1_48' title='bbox 309 654 375 707; x_wconf 78' lang='grc' dir='ltr'><strong><em>ἄλλο</em></strong></span> <span class='ocrx_word' id='word_1_49' title='bbox 394 652 476 725; x_wconf 85' lang='grc' dir='ltr'><strong><em>&lt;είς&gt;</em></strong></span> <span class='ocrx_word' id='word_1_50' title='bbox 494 652 621 721; x_wconf 76' lang='grc' dir='ltr'><strong><em>λεύκωμα</em></strong></span> <span class='ocrx_word' id='word_1_51' title='bbox 639 650 751 722; x_wconf 84' lang='grc' dir='ltr'><strong><em>νεαρόν.</em></strong></span> <span class='ocrx_word' id='word_1_52' title='bbox 790 653 829 706; x_wconf 88' lang='grc' dir='ltr'><em>Μ</em></span> <span class='ocrx_word' id='word_1_53' title='bbox 846 659 880 708; x_wconf 84' lang='grc'>66</span> <span class='ocrx_word' id='word_1_54' title='bbox 898 652 964 708; x_wconf 83' lang='grc' dir='ltr'><strong><em>υιε’.</em></strong></span> 
     </span>
    </p>

    <p class='ocr_par' dir='ltr' id='par_1_5' title="bbox 58 720 1054 868">
     <span class='ocr_line' id='line_1_8' title="bbox 130 720 1054 796; baseline -0.006 -16"><span class='ocrx_word' id='word_1_55' title='bbox 130 745 202 780; x_wconf 90' lang='lat' dir='ltr'>cum</span> <span class='ocrx_word' id='word_1_56' title='bbox 231 725 304 780; x_wconf 89' lang='lat' dir='ltr'>ovis</span> <span class='ocrx_word' id='word_1_57' title='bbox 331 732 365 779; x_wconf 87' lang='lat' dir='ltr'>et</span> <span class='ocrx_word' id='word_1_58' title='bbox 387 725 467 778; x_wconf 82' lang='lat' dir='ltr'>lana</span> <span class='ocrx_word' id='word_1_59' title='bbox 494 723 713 796; x_wconf 87' lang='lat' dir='ltr'>mollissima]</span> <span class='ocrx_word' id='word_1_60' title='bbox 736 723 875 792; x_wconf 75' lang='lat' dir='ltr'>interpres</span> <span class='ocrx_word' id='word_1_61' title='bbox 898 724 979 780; x_wconf 86' lang='lat' dir='ltr'>addit</span> <span class='ocrx_word' id='word_1_62' title='bbox 997 720 1054 777; x_wconf 80' lang='lat' dir='ltr'>mel:</span> 
     </span>
     <span class='ocr_line' id='line_1_9' title="bbox 58 789 696 868; baseline -0.006 -17"><span class='ocrx_word' id='word_1_63' title='bbox 58 797 127 868; x_wconf 81' lang='grc' dir='ltr'><strong><em>μετὰ</em></strong></span> <span class='ocrx_word' id='word_1_64' title='bbox 147 795 253 866; x_wconf 79' lang='grc' dir='ltr'><strong><em>μέλιτος</em></strong></span> <span class='ocrx_word' id='word_1_65' title='bbox 272 797 320 850; x_wconf 83' lang='grc' dir='ltr'>καλ</span> <span class='ocrx_word' id='word_1_66' title='bbox 339 793 463 849; x_wconf 64' lang='grc' dir='ltr'><strong><em>ὠοῦικαλ</em></strong></span> <span class='ocrx_word' id='word_1_67' title='bbox 482 789 558 860; x_wconf 96' lang='grc' dir='ltr'><strong><em>ἐρίου</em></strong></span> <span class='ocrx_word' id='word_1_68' title='bbox 577 793 696 848; x_wconf 78' lang='grc' dir='ltr'><strong><em>ἁπαλοῦ.</em></strong></span> 
     </span>
    </p>

    <p class='ocr_par' dir='ltr' id='par_1_6' title="bbox 58 859 1060 1079">
     <span class='ocr_line' id='line_1_10' title="bbox 130 859 1058 935; baseline -0.004 -13"><span class='ocrx_word' id='word_1_69' title='bbox 130 868 186 922; x_wconf 80' lang='grc'>445</span> <span class='ocrx_word' id='word_1_70' title='bbox 214 869 249 922; x_wconf 91' lang='lat' dir='ltr'><strong><em>H</em></strong></span> <span class='ocrx_word' id='word_1_71' title='bbox 266 873 299 920; x_wconf 84' lang='lat'>50</span> <span class='ocrx_word' id='word_1_72' title='bbox 335 866 404 935; x_wconf 85' lang='grc' dir='ltr'><strong><em>πρὸς</em></strong></span> <span class='ocrx_word' id='word_1_73' title='bbox 431 864 481 926; x_wconf 85' lang='grc' dir='ltr'><strong><em>τάς</em></strong></span> <span class='ocrx_word' id='word_1_74' title='bbox 509 859 539 918; x_wconf 94' lang='grc' dir='ltr'>ἐν</span> <span class='ocrx_word' id='word_1_75' title='bbox 559 864 719 933; x_wconf 73' lang='grc' dir='ltr'><em>ὀφθαλμοῖς</em></span> <span class='ocrx_word' id='word_1_76' title='bbox 747 863 907 933; x_wconf 87' lang='grc' dir='ltr'><strong><em>φλεγμονάς</em></strong></span> <span class='ocrx_word' id='word_1_77' title='bbox 935 865 987 933; x_wconf 76' lang='lat' dir='ltr'>(in</span> <span class='ocrx_word' id='word_1_78' title='bbox 1001 859 1058 927; x_wconf 83' lang='lat' dir='ltr'>PM,</span> 
     </span>
     <span class='ocr_line' id='line_1_11' title="bbox 60 933 1060 1010; baseline 0 -17"><span class='ocrx_word' id='word_1_79' title='bbox 60 957 113 994; x_wconf 91' lang='lat' dir='ltr'>om.</span> <span class='ocrx_word' id='word_1_80' title='bbox 129 939 179 1007; x_wconf 86' lang='lat' dir='ltr'>H).</span> <span class='ocrx_word' id='word_1_81' title='bbox 208 935 258 992; x_wconf 84' lang='grc' dir='ltr'>ἐὰν</span> <span class='ocrx_word' id='word_1_82' title='bbox 269 933 404 1004; x_wconf 78' lang='grc' dir='ltr'><strong><em>ἐξαίφνης</em></strong></span> <span class='ocrx_word' id='word_1_83' title='bbox 418 935 566 1004; x_wconf 79' lang='grc' dir='ltr'><strong><em>ὀφθαλμὸς</em></strong></span> <span class='ocrx_word' id='word_1_84' title='bbox 580 937 746 1006; x_wconf 85' lang='grc' dir='ltr'><strong><em>φλεγμαίνη,</em></strong></span> <span class='ocrx_word' id='word_1_85' title='bbox 765 935 888 1006; x_wconf 76' lang='grc' dir='ltr'><strong><em>σπόγγον</em></strong></span> <span class='ocrx_word' id='word_1_86' title='bbox 903 935 961 1001; x_wconf 83' lang='grc' dir='ltr'><strong><em>ὄξει</em></strong></span> <span class='ocrx_word' id='word_1_87' title='bbox 975 933 1060 1010; x_wconf 69' lang='grc' dir='ltr'><strong><em>βρέξας</em></strong></span> 
     </span>
     <span class='ocr_line' id='line_1_12' title="bbox 58 1001 846 1079; baseline -0.004 -16"><span class='ocrx_word' id='word_1_88' title='bbox 58 1011 175 1079; x_wconf 77' lang='grc' dir='ltr'><strong><em>περίθες</em></strong></span> <span class='ocrx_word' id='word_1_89' title='bbox 194 1015 231 1079; x_wconf 79' lang='grc' dir='ltr'><strong><em>τῷ</em></strong></span> <span class='ocrx_word' id='word_1_90' title='bbox 250 1009 389 1076; x_wconf 77' lang='grc' dir='ltr'><strong><em>ὀφθαλμώ</em></strong></span> <span class='ocrx_word' id='word_1_91' title='bbox 407 1006 456 1059; x_wconf 84' lang='grc' dir='ltr'>καλ</span> <span class='ocrx_word' id='word_1_92' title='bbox 475 1001 626 1074; x_wconf 81' lang='grc' dir='ltr'><strong><em>ἐπιδὲσμει.</em></strong></span> <span class='ocrx_word' id='word_1_93' title='bbox 664 1007 702 1059; x_wconf 84' lang='grc' dir='ltr'><em>Μ</em></span> <span class='ocrx_word' id='word_1_94' title='bbox 719 1012 752 1060; x_wconf 88' lang='grc'>68</span> <span class='ocrx_word' id='word_1_95' title='bbox 771 1005 846 1074; x_wconf 81' lang='grc' dir='ltr'><strong><em>υκγ’.</em></strong></span> 
     </span>
    </p>

    <p class='ocr_par' dir='ltr' id='par_1_7' title="bbox 61 1062 1067 1285">
     <span class='ocr_line' id='line_1_13' title="bbox 131 1062 1067 1149; baseline -0.003 -16"><span class='ocrx_word' id='word_1_96' title='bbox 131 1081 196 1149; x_wconf 86' lang='lat' dir='ltr'>Cap.</span> <span class='ocrx_word' id='word_1_97' title='bbox 210 1079 310 1134; x_wconf 85' lang='lat' dir='ltr'>XXXI.</span> <span class='ocrx_word' id='word_1_98' title='bbox 347 1062 404 1131; x_wconf 84' lang='grc'>446</span> <span class='ocrx_word' id='word_1_99' title='bbox 423 1077 458 1130; x_wconf 90' lang='grc' dir='ltr'>Η</span> <span class='ocrx_word' id='word_1_100' title='bbox 473 1081 524 1129; x_wconf 75' lang='lat'>286</span> <span class='ocrx_word' id='word_1_101' title='bbox 544 1075 611 1144; x_wconf 85' lang='grc' dir='ltr'><strong><em>άλλη</em></strong></span> <span class='ocrx_word' id='word_1_102' title='bbox 632 1075 709 1144; x_wconf 75' lang='grc' dir='ltr'><strong><em>(ἄλλο</em></strong></span> <span class='ocrx_word' id='word_1_103' title='bbox 729 1077 767 1146; x_wconf 90' lang='lat' dir='ltr'>P)</span> <span class='ocrx_word' id='word_1_104' title='bbox 786 1075 944 1145; x_wconf 79' lang='grc' dir='ltr'><strong><em>κατασκευὴ</em></strong></span> <span class='ocrx_word' id='word_1_105' title='bbox 969 1075 1067 1146; x_wconf 70' lang='grc' dir='ltr'><strong><em>μαλάγ</em></strong></span> 
     </span>
     <span class='ocr_line' id='line_1_14' title="bbox 61 1145 1067 1220; baseline -0.001 -17"><span class='ocrx_word' id='word_1_106' title='bbox 61 1171 153 1220; x_wconf 84' lang='grc' dir='ltr'><strong><em>ματος.</em></strong></span> <span class='ocrx_word' id='word_1_107' title='bbox 182 1158 269 1218; x_wconf 80' lang='grc' dir='ltr'><strong><em>κηροῦ</em></strong></span> <span class='ocrx_word' id='word_1_108' title='bbox 288 1145 369 1216; x_wconf 73' lang='grc' dir='ltr'>γσῖξ</span> <span class='ocrx_word' id='word_1_109' title='bbox 388 1151 443 1200; x_wconf 91' lang='grc' dir='ltr'><strong><em>κτλ.</em></strong></span> <span class='ocrx_word' id='word_1_110' title='bbox 483 1148 520 1199; x_wconf 88' lang='lat' dir='ltr'><strong><em>M</em></strong></span> <span class='ocrx_word' id='word_1_111' title='bbox 538 1153 589 1201; x_wconf 91' lang='grc'>114</span> <span class='ocrx_word' id='word_1_112' title='bbox 608 1146 683 1213; x_wconf 66' lang='grc' dir='ltr'><strong><em>σνς’.</em></strong></span> <span class='ocrx_word' id='word_1_113' title='bbox 715 1148 867 1201; x_wconf 82' lang='lat' dir='ltr'>olei—II</span> <span class='ocrx_word' id='word_1_114' title='bbox 884 1163 1067 1217; x_wconf 55' lang='lat' dir='ltr'>errororepe‘</span> 
     </span>
     <span class='ocr_line' id='line_1_15' title="bbox 61 1218 497 1285; baseline -0.011 -11"><span class='ocrx_word' id='word_1_115' title='bbox 61 1221 145 1275; x_wconf 89' lang='lat' dir='ltr'>titum</span> <span class='ocrx_word' id='word_1_116' title='bbox 164 1224 218 1285; x_wconf 83' lang='lat' dir='ltr'>est;</span> <span class='ocrx_word' id='word_1_117' title='bbox 238 1219 268 1272; x_wconf 92' lang='lat' dir='ltr'>in</span> <span class='ocrx_word' id='word_1_118' title='bbox 287 1218 322 1272; x_wconf 87' lang='lat' dir='ltr'><em>H</em></span> <span class='ocrx_word' id='word_1_119' title='bbox 337 1234 394 1271; x_wconf 91' lang='lat' dir='ltr'>non</span> <span class='ocrx_word' id='word_1_120' title='bbox 413 1220 497 1270; x_wconf 84' lang='lat' dir='ltr'>extat.</span> 
     </span>
    </p>

    <p class='ocr_par' dir='ltr' id='par_1_8' title="bbox 61 1283 1082 1558">
     <span class='ocr_line' id='line_1_16' title="bbox 133 1283 1076 1360; baseline 0 -17"><span class='ocrx_word' id='word_1_121' title='bbox 133 1289 187 1344; x_wconf 85' lang='grc'>447</span> <span class='ocrx_word' id='word_1_122' title='bbox 208 1290 243 1343; x_wconf 91' lang='lat' dir='ltr'><strong><em>H</em></strong></span> <span class='ocrx_word' id='word_1_123' title='bbox 259 1295 311 1344; x_wconf 78' lang='grc'>286</span> <span class='ocrx_word' id='word_1_124' title='bbox 330 1289 404 1342; x_wconf 79' lang='grc' dir='ltr'><strong><em>ἄλλο.</em></strong></span> <span class='ocrx_word' id='word_1_125' title='bbox 438 1287 586 1359; x_wconf 84' lang='grc' dir='ltr'><strong><em>χαλβάνης,</em></strong></span> <span class='ocrx_word' id='word_1_126' title='bbox 605 1287 721 1360; x_wconf 79' lang='grc' dir='ltr'><strong><em>λιβάνου</em></strong></span> <span class='ocrx_word' id='word_1_127' title='bbox 740 1286 869 1357; x_wconf 81' lang='grc' dir='ltr'><strong><em>ἀλεύρου,</em></strong></span> <span class='ocrx_word' id='word_1_128' title='bbox 889 1293 992 1357; x_wconf 80' lang='grc' dir='ltr'><strong><em>μυελοῦ</em></strong></span> <span class='ocrx_word' id='word_1_129' title='bbox 1010 1283 1076 1342; x_wconf 54' lang='grc' dir='ltr'><strong><em>ἐλαν</em></strong></span> 
     </span>
     <span class='ocr_line' id='line_1_17' title="bbox 63 1355 1077 1430; baseline -0.001 -15"><span class='ocrx_word' id='word_1_130' title='bbox 63 1362 154 1430; x_wconf 83' lang='grc' dir='ltr'><strong><em>φείου,</em></strong></span> <span class='ocrx_word' id='word_1_131' title='bbox 174 1360 320 1427; x_wconf 78' lang='grc' dir='ltr'><strong><em>λευκοΐων,</em></strong></span> <span class='ocrx_word' id='word_1_132' title='bbox 345 1355 458 1428; x_wconf 72' lang='grc' dir='ltr'><strong><em>ῥητίνης</em></strong></span> <span class='ocrx_word' id='word_1_133' title='bbox 475 1361 671 1430; x_wconf 71' lang='grc' dir='ltr'><strong><em>τερεβινθίνης</em></strong></span> <span class='ocrx_word' id='word_1_134' title='bbox 693 1358 751 1412; x_wconf 81' lang='grc' dir='ltr'>ἀνά</span> <span class='ocrx_word' id='word_1_135' title='bbox 768 1360 864 1427; x_wconf 83' lang='grc' dir='ltr'><strong><em>λίτραν</em></strong></span> <span class='ocrx_word' id='word_1_136' title='bbox 889 1359 945 1427; x_wconf 63' lang='grc' dir='ltr'>αι’,</span> <span class='ocrx_word' id='word_1_137' title='bbox 964 1357 1077 1421; x_wconf 79' lang='grc' dir='ltr'><strong><em>στέατος</em></strong></span> 
     </span>
     <span class='ocr_line' id='line_1_18' title="bbox 64 1428 1082 1556; baseline -0.002 -70"><span class='ocrx_word' id='word_1_138' title='bbox 64 1431 311 1556; x_wconf 49' lang='grc' dir='ltr'><strong><em>ταυρείοοῄαόπίου,</em></strong></span> <span class='ocrx_word' id='word_1_139' title='bbox 327 1432 406 1500; x_wconf 81' lang='grc' dir='ltr'><strong><em>ίρεως</em></strong></span> <span class='ocrx_word' id='word_1_140' title='bbox 421 1429 570 1498; x_wconf 79' lang='grc' dir='ltr'><strong><em>Ἰλλυρικῆς</em></strong></span> <span class='ocrx_word' id='word_1_141' title='bbox 579 1428 636 1483; x_wconf 82' lang='grc' dir='ltr'><strong><em>άνίι</em></strong></span> <span class='ocrx_word' id='word_1_142' title='bbox 645 1431 741 1498; x_wconf 92' lang='grc' dir='ltr'><strong><em>λίτραν</em></strong></span> <span class='ocrx_word' id='word_1_143' title='bbox 756 1428 797 1496; x_wconf 83' lang='grc' dir='ltr'>α’,</span> <span class='ocrx_word' id='word_1_144' title='bbox 815 1430 1024 1500; x_wconf 83' lang='grc' dir='ltr'><strong><em>ἀριστολοχείας</em></strong></span> <span class='ocrx_word' id='word_1_145' title='bbox 1040 1434 1082 1499; x_wconf 68' lang='grc' dir='ltr'>γᾶ</span> 
     </span>
     <span class='ocr_line' id='line_1_19' title="bbox 61 1501 388 1558; baseline -0.003 -1"><span class='ocrx_word' id='word_1_146' title='bbox 61 1505 93 1558; x_wconf 82' lang='grc' dir='ltr'><strong><em>τὸ</em></strong></span> <span class='ocrx_word' id='word_1_147' title='bbox 112 1503 146 1558; x_wconf 85' lang='lat' dir='ltr'>c&#39;.</span> <span class='ocrx_word' id='word_1_148' title='bbox 238 1508 290 1555; x_wconf 90' lang='grc'>114</span> <span class='ocrx_word' id='word_1_149' title='bbox 309 1521 347 1554; x_wconf 79' lang='grc' dir='ltr'>ιον</span> <span class='ocrx_word' id='word_1_150' title='bbox 371 1501 388 1556; x_wconf 83' lang='grc'>’.</span> 
     </span>
    </p>

    <p class='ocr_par' dir='ltr' id='par_1_9' title="bbox 62 1522 1088 1769">
     <span class='ocr_line' id='line_1_20' title="bbox 134 1522 1079 1642; baseline 0 -15"><span class='ocrx_word' id='word_1_151' title='bbox 134 1576 192 1628; x_wconf 86' lang='lat' dir='ltr'>iam</span> <span class='ocrx_word' id='word_1_152' title='bbox 219 1573 323 1628; x_wconf 85' lang='lat' dir='ltr'>lacuna</span> <span class='ocrx_word' id='word_1_153' title='bbox 346 1522 495 1626; x_wconf 66' lang='grc' dir='ltr'><strong><em>ἐλείυευᾶε</em></strong></span> <span class='ocrx_word' id='word_1_154' title='bbox 523 1572 573 1626; x_wconf 90' lang='lat' dir='ltr'>est.</span> <span class='ocrx_word' id='word_1_155' title='bbox 612 1586 683 1640; x_wconf 90' lang='lat' dir='ltr'>quae</span> <span class='ocrx_word' id='word_1_156' title='bbox 711 1579 842 1626; x_wconf 89' lang='lat' dir='ltr'>secuntur</span> <span class='ocrx_word' id='word_1_157' title='bbox 869 1571 900 1625; x_wconf 94' lang='lat' dir='ltr'>in</span> <span class='ocrx_word' id='word_1_158' title='bbox 922 1570 1008 1642; x_wconf 91' lang='lat' dir='ltr'>Hipp.</span> <span class='ocrx_word' id='word_1_159' title='bbox 1023 1575 1079 1627; x_wconf 67' lang='lat'>281</span> 
     </span>
     <span class='ocr_line' id='line_1_21' title="bbox 62 1642 1088 1714; baseline -0.002 -16"><span class='ocrx_word' id='word_1_160' title='bbox 62 1645 264 1714; x_wconf 79' lang='lat' dir='ltr'>malagmatum</span> <span class='ocrx_word' id='word_1_161' title='bbox 292 1643 508 1712; x_wconf 78' lang='lat' dir='ltr'>compositiones</span> <span class='ocrx_word' id='word_1_162' title='bbox 541 1642 658 1695; x_wconf 87' lang='lat' dir='ltr'>fortasse</span> <span class='ocrx_word' id='word_1_163' title='bbox 696 1659 729 1696; x_wconf 87' lang='lat' dir='ltr'>ex</span> <span class='ocrx_word' id='word_1_164' title='bbox 757 1642 912 1712; x_wconf 84' lang='lat' dir='ltr'>Pelagonio</span> <span class='ocrx_word' id='word_1_165' title='bbox 946 1643 1088 1713; x_wconf 59' lang='lat' dir='ltr'>sumptae</span> 
     </span>
     <span class='ocr_line' id='line_1_22' title="bbox 63 1717 135 1769; baseline 0 0"><span class='ocrx_word' id='word_1_166' title='bbox 63 1717 135 1769; x_wconf 88' lang='lat' dir='ltr'>sunt.</span> 
     </span>
    </p>

    <p class='ocr_par' dir='ltr' id='par_1_10' title="bbox 60 1781 1150 2543">
     <span class='ocr_line' id='line_1_23' title="bbox 135 1781 1091 1853; baseline -0.001 -14"><span class='ocrx_word' id='word_1_167' title='bbox 135 1785 192 1840; x_wconf 88' lang='grc'>448</span> <span class='ocrx_word' id='word_1_168' title='bbox 225 1785 414 1853; x_wconf 71' lang='lat' dir='ltr'>fragmentum</span> <span class='ocrx_word' id='word_1_169' title='bbox 433 1785 477 1838; x_wconf 89' lang='lat' dir='ltr'>est</span> <span class='ocrx_word' id='word_1_170' title='bbox 508 1781 610 1850; x_wconf 85' lang='lat' dir='ltr'>capitis</span> <span class='ocrx_word' id='word_1_171' title='bbox 639 1781 743 1836; x_wconf 88' lang='lat' dir='ltr'>XXXV</span> <span class='ocrx_word' id='word_1_172' title='bbox 766 1783 800 1837; x_wconf 88' lang='lat' dir='ltr'>do</span> <span class='ocrx_word' id='word_1_173' title='bbox 823 1781 1023 1853; x_wconf 81' lang='lat' dir='ltr'>farciminoso,</span> <span class='ocrx_word' id='word_1_174' title='bbox 1046 1785 1091 1838; x_wconf 68' lang='lat' dir='ltr'>ab</span> 
     </span>
     <span class='ocr_line' id='line_1_24' title="bbox 65 1852 1086 1926; baseline -0.002 -16"><span class='ocrx_word' id='word_1_175' title='bbox 65 1858 146 1926; x_wconf 87' lang='lat' dir='ltr'>patet</span> <span class='ocrx_word' id='word_1_176' title='bbox 164 1872 198 1910; x_wconf 89' lang='lat' dir='ltr'>cx</span> <span class='ocrx_word' id='word_1_177' title='bbox 217 1855 305 1923; x_wconf 85' lang='lat' dir='ltr'>signis</span> <span class='ocrx_word' id='word_1_178' title='bbox 325 1854 448 1908; x_wconf 84' lang='lat' dir='ltr'>eiusdem</span> <span class='ocrx_word' id='word_1_179' title='bbox 465 1852 594 1907; x_wconf 85' lang='lat' dir='ltr'>morbis</span> <span class='ocrx_word' id='word_1_180' title='bbox 616 1852 736 1922; x_wconf 80' lang='lat' dir='ltr'>Vegetio</span> <span class='ocrx_word' id='word_1_181' title='bbox 750 1852 793 1909; x_wconf 75' lang='lat'>1⁷</span> <span class='ocrx_word' id='word_1_182' title='bbox 813 1855 842 1906; x_wconf 89' lang='lat' dir='ltr'>et</span> <span class='ocrx_word' id='word_1_183' title='bbox 862 1859 895 1907; x_wconf 88' lang='grc'>14</span> <span class='ocrx_word' id='word_1_184' title='bbox 918 1854 1086 1924; x_wconf 79' lang='lat' dir='ltr'>descriptis,</span> 
     </span>
     <span class='ocr_line' id='line_1_25' title="bbox 63 1924 1081 1994; baseline 0.001 -15"><span class='ocrx_word' id='word_1_185' title='bbox 63 1927 98 1980; x_wconf 80' lang='lat' dir='ltr'>of.</span> <span class='ocrx_word' id='word_1_186' title='bbox 116 1925 155 1978; x_wconf 89' lang='lat' dir='ltr'>IV</span> <span class='ocrx_word' id='word_1_187' title='bbox 170 1933 200 1992; x_wconf 85' lang='lat'>3,</span> <span class='ocrx_word' id='word_1_188' title='bbox 218 1932 233 1979; x_wconf 85' lang='lat'><strong>3</strong></span> <span class='ocrx_word' id='word_1_189' title='bbox 253 1931 291 1978; x_wconf 82' lang='lat' dir='ltr'>est</span> <span class='ocrx_word' id='word_1_190' title='bbox 313 1925 507 1990; x_wconf 80' lang='lat' dir='ltr'>farciminosas</span> <span class='ocrx_word' id='word_1_191' title='bbox 529 1924 653 1993; x_wconf 80' lang='lat' dir='ltr'>quotiens</span> <span class='ocrx_word' id='word_1_192' title='bbox 672 1940 724 1991; x_wconf 85' lang='lat' dir='ltr'>per</span> <span class='ocrx_word' id='word_1_193' title='bbox 746 1929 832 1979; x_wconf 79' lang='lat' dir='ltr'>totam</span> <span class='ocrx_word' id='word_1_194' title='bbox 855 1940 957 1994; x_wconf 79' lang='lat' dir='ltr'>corpus</span> <span class='ocrx_word' id='word_1_195' title='bbox 980 1926 1081 1982; x_wconf 76' lang='lat' dir='ltr'>tubus.</span> 
     </span>
     <span class='ocr_line' id='line_1_26' title="bbox 63 1995 1105 2064; baseline -0.002 -13"><span class='ocrx_word' id='word_1_196' title='bbox 63 1997 206 2051; x_wconf 80' lang='lat' dir='ltr'>tubercula</span> <span class='ocrx_word' id='word_1_197' title='bbox 228 2002 341 2060; x_wconf 76' lang='lat' dir='ltr'>caecat,</span> <span class='ocrx_word' id='word_1_198' title='bbox 364 1996 543 2061; x_wconf 77' lang='lat' dir='ltr'>aporiantes</span> <span class='ocrx_word' id='word_1_199' title='bbox 568 1999 592 2047; x_wconf 81' lang='lat' dir='ltr'>el</span> <span class='ocrx_word' id='word_1_200' title='bbox 615 1995 695 2064; x_wconf 79' lang='lat' dir='ltr'>quasi</span> <span class='ocrx_word' id='word_1_201' title='bbox 717 2000 856 2049; x_wconf 75' lang='grc' dir='ltr'><strong><em>εαιιακίιιν</em></strong></span> <span class='ocrx_word' id='word_1_202' title='bbox 879 2001 905 2048; x_wconf 82' lang='lat' dir='ltr'>ct</span> <span class='ocrx_word' id='word_1_203' title='bbox 927 1997 1031 2051; x_wconf 80' lang='lat' dir='ltr'>iterum</span> <span class='ocrx_word' id='word_1_204' title='bbox 1047 1999 1105 2050; x_wconf 66' lang='lat' dir='ltr'>in«</span> 
     </span>
     <span class='ocr_line' id='line_1_27' title="bbox 65 2063 1088 2135; baseline 0.002 -16"><span class='ocrx_word' id='word_1_205' title='bbox 65 2067 129 2119; x_wconf 84' lang='lat' dir='ltr'>aliis</span> <span class='ocrx_word' id='word_1_206' title='bbox 148 2066 214 2118; x_wconf 78' lang='lat' dir='ltr'>locis</span> <span class='ocrx_word' id='word_1_207' title='bbox 236 2072 343 2118; x_wconf 78' lang='lat' dir='ltr'>exeunt.</span> <span class='ocrx_word' id='word_1_208' title='bbox 364 2063 473 2132; x_wconf 83' lang='lat' dir='ltr'>Apsyrt.</span> <span class='ocrx_word' id='word_1_209' title='bbox 494 2063 578 2132; x_wconf 86' lang='lat' dir='ltr'>Hipp.</span> <span class='ocrx_word' id='word_1_210' title='bbox 594 2070 646 2118; x_wconf 79' lang='lat'>229</span> <span class='ocrx_word' id='word_1_211' title='bbox 664 2065 858 2133; x_wconf 80' lang='grc' dir='ltr'><strong><em>περιττώματα</em></strong></span> <span class='ocrx_word' id='word_1_212' title='bbox 872 2065 903 2119; x_wconf 75' lang='grc' dir='ltr'>δὲ</span> <span class='ocrx_word' id='word_1_213' title='bbox 923 2065 1044 2135; x_wconf 83' lang='grc' dir='ltr'><strong><em>λέγεται,</em></strong></span> <span class='ocrx_word' id='word_1_214' title='bbox 1063 2064 1088 2120; x_wconf 76' lang='lat' dir='ltr'>‘ir</span> 
     </span>
     <span class='ocr_line' id='line_1_28' title="bbox 60 2131 1133 2261; baseline 0.002 -73"><span class='ocrx_word' id='word_1_215' title='bbox 60 2134 207 2204; x_wconf 77' lang='grc' dir='ltr'><strong><em>Ῥωμαϊστί</em></strong></span> <span class='ocrx_word' id='word_1_216' title='bbox 229 2138 345 2187; x_wconf 82' lang='grc' dir='ltr'><strong><em>καλοῦσι</em></strong></span> <span class='ocrx_word' id='word_1_217' title='bbox 364 2135 523 2202; x_wconf 86' lang='grc' dir='ltr'><strong><em>φαλκίνηνα</em></strong></span> <span class='ocrx_word' id='word_1_218' title='bbox 542 2137 707 2203; x_wconf 79' lang='grc' dir='ltr'><strong><em>(φαλκίνινα</em></strong></span> <span class='ocrx_word' id='word_1_219' title='bbox 724 2137 770 2204; x_wconf 87' lang='lat' dir='ltr'>P).</span> <span class='ocrx_word' id='word_1_220' title='bbox 794 2134 847 2189; x_wconf 88' lang='grc' dir='ltr'><strong><em>είσλ</em></strong></span> <span class='ocrx_word' id='word_1_221' title='bbox 865 2135 897 2191; x_wconf 74' lang='grc' dir='ltr'>δὲ</span> <span class='ocrx_word' id='word_1_222' title='bbox 917 2131 1036 2261; x_wconf 82' lang='grc' dir='ltr'><strong><em>ἐκβολαὶ</em></strong></span> <span class='ocrx_word' id='word_1_223' title='bbox 1050 2132 1133 2192; x_wconf 63' lang='lat' dir='ltr'>rr(</span> 
     </span>
     <span class='ocr_line' id='line_1_29' title="bbox 65 2203 1146 2276; baseline 0.005 -18"><span class='ocrx_word' id='word_1_224' title='bbox 65 2211 102 2276; x_wconf 82' lang='grc' dir='ltr'><strong><em>τῷ</em></strong></span> <span class='ocrx_word' id='word_1_225' title='bbox 122 2205 226 2273; x_wconf 86' lang='grc' dir='ltr'><strong><em>σάματι</em></strong></span> <span class='ocrx_word' id='word_1_226' title='bbox 245 2204 340 2274; x_wconf 77' lang='grc' dir='ltr'><strong><em>ὅμοιαι</em></strong></span> <span class='ocrx_word' id='word_1_227' title='bbox 355 2203 459 2269; x_wconf 59' lang='lat' dir='ltr'>coola</span> <span class='ocrx_word' id='word_1_228' title='bbox 473 2207 537 2274; x_wconf 85' lang='lat' dir='ltr'>(leg.</span> <span class='ocrx_word' id='word_1_229' title='bbox 558 2207 685 2275; x_wconf 74' lang='grc' dir='ltr'><strong><em>δοθιῆσι)</em></strong></span> <span class='ocrx_word' id='word_1_230' title='bbox 705 2205 753 2260; x_wconf 81' lang='grc' dir='ltr'>καὶ</span> <span class='ocrx_word' id='word_1_231' title='bbox 771 2208 895 2276; x_wconf 82' lang='grc' dir='ltr'><strong><em>μείζονες</em></strong></span> <span class='ocrx_word' id='word_1_232' title='bbox 908 2227 947 2261; x_wconf 89' lang='grc' dir='ltr'>κα</span> <span class='ocrx_word' id='word_1_233' title='bbox 973 2217 1146 2263; x_wconf 61' lang='lat' dir='ltr'>avocas</span> 
     </span>
     <span class='ocr_line' id='line_1_30' title="bbox 66 2272 1148 2347; baseline 0.006 -18"><span class='ocrx_word' id='word_1_234' title='bbox 66 2296 113 2329; x_wconf 92' lang='grc' dir='ltr'><strong><em>ται</em></strong></span> <span class='ocrx_word' id='word_1_235' title='bbox 140 2276 188 2328; x_wconf 83' lang='grc' dir='ltr'>καλ</span> <span class='ocrx_word' id='word_1_236' title='bbox 212 2272 324 2345; x_wconf 76' lang='grc' dir='ltr'><strong><em>ἕκρηξιν</em></strong></span> <span class='ocrx_word' id='word_1_237' title='bbox 352 2275 542 2347; x_wconf 90' lang='grc' dir='ltr'><strong><em>λαμβάνουσιν</em></strong></span> <span class='ocrx_word' id='word_1_238' title='bbox 568 2276 728 2345; x_wconf 80' lang='grc' dir='ltr'><strong><em>αὐτόματοι.</em></strong></span> <span class='ocrx_word' id='word_1_239' title='bbox 766 2277 910 2347; x_wconf 82' lang='lat' dir='ltr'>malagma</span> <span class='ocrx_word' id='word_1_240' title='bbox 933 2281 1012 2346; x_wconf 87' lang='lat' dir='ltr'>quod</span> <span class='ocrx_word' id='word_1_241' title='bbox 1038 2289 1148 2334; x_wconf 56' lang='lat' dir='ltr'>ss!</span> 
     </span>
     <span class='ocr_line' id='line_1_31' title="bbox 67 2344 1149 2417; baseline 0.002 -16"><span class='ocrx_word' id='word_1_242' title='bbox 67 2347 162 2415; x_wconf 88' lang='lat' dir='ltr'>quitur</span> <span class='ocrx_word' id='word_1_243' title='bbox 179 2347 316 2415; x_wconf 82' lang='lat' dir='ltr'>interpres</span> <span class='ocrx_word' id='word_1_244' title='bbox 336 2347 422 2416; x_wconf 86' lang='lat' dir='ltr'>capiti</span> <span class='ocrx_word' id='word_1_245' title='bbox 441 2348 475 2401; x_wconf 87' lang='lat' dir='ltr'>de</span> <span class='ocrx_word' id='word_1_246' title='bbox 489 2347 676 2416; x_wconf 87' lang='lat' dir='ltr'>elephantiasi</span> <span class='ocrx_word' id='word_1_247' title='bbox 690 2347 815 2417; x_wconf 85' lang='lat' dir='ltr'>inseruit,</span> <span class='ocrx_word' id='word_1_248' title='bbox 835 2349 870 2402; x_wconf 88' lang='lat' dir='ltr'>de</span> <span class='ocrx_word' id='word_1_249' title='bbox 886 2347 970 2402; x_wconf 88' lang='lat' dir='ltr'>cuius</span> <span class='ocrx_word' id='word_1_250' title='bbox 988 2344 1149 2405; x_wconf 62' lang='lat' dir='ltr'>morbfae</span> 
     </span>
     <span class='ocr_line' id='line_1_32' title="bbox 67 2417 1150 2541; baseline 0.003 -70"><span class='ocrx_word' id='word_1_251' title='bbox 67 2417 211 2541; x_wconf 48' lang='lat' dir='ltr'>curststione</span> <span class='ocrx_word' id='word_1_252' title='bbox 230 2417 368 2487; x_wconf 79' lang='lat' dir='ltr'>Apsyrtos</span> <span class='ocrx_word' id='word_1_253' title='bbox 388 2417 472 2487; x_wconf 89' lang='lat' dir='ltr'>Hipp.</span> <span class='ocrx_word' id='word_1_254' title='bbox 487 2423 520 2471; x_wconf 81' lang='lat'>21</span> <span class='ocrx_word' id='word_1_255' title='bbox 541 2418 679 2486; x_wconf 85' lang='lat' dir='ltr'>desperat.</span> <span class='ocrx_word' id='word_1_256' title='bbox 709 2418 800 2472; x_wconf 84' lang='lat' dir='ltr'>eidem</span> <span class='ocrx_word' id='word_1_257' title='bbox 820 2417 907 2489; x_wconf 86' lang='lat' dir='ltr'>capiti</span> <span class='ocrx_word' id='word_1_258' title='bbox 926 2420 1150 2476; x_wconf 60' lang='lat' dir='ltr'>tribuendv</span> 
     </span>
     <span class='ocr_line' id='line_1_33' title="bbox 66 2495 361 2543; baseline 0.003 -1"><span class='ocrx_word' id='word_1_259' title='bbox 66 2506 118 2542; x_wconf 91' lang='lat' dir='ltr'>sun</span> <span class='ocrx_word' id='word_1_260' title='bbox 149 2495 209 2542; x_wconf 83' lang='lat'>451.</span> <span class='ocrx_word' id='word_1_261' title='bbox 225 2495 285 2543; x_wconf 82' lang='lat'>452.</span> <span class='ocrx_word' id='word_1_262' title='bbox 301 2495 361 2543; x_wconf 79' lang='lat'>507.</span> 
     </span>
    </p>

    <p class='ocr_par' dir='ltr' id='par_1_11' title="bbox 67 2557 1151 2980">
     <span class='ocr_line' id='line_1_34' title="bbox 138 2557 1151 2628; baseline 0.005 -16"><span class='ocrx_word' id='word_1_263' title='bbox 138 2564 278 2626; x_wconf 83' lang='lat' dir='ltr'>†caetas</span> <span class='ocrx_word' id='word_1_264' title='bbox 297 2563 377 2614; x_wconf 89' lang='lat' dir='ltr'>tunc</span> <span class='ocrx_word' id='word_1_265' title='bbox 397 2562 432 2613; x_wconf 90' lang='lat' dir='ltr'>et</span> <span class='ocrx_word' id='word_1_266' title='bbox 455 2559 549 2613; x_wconf 87' lang='lat' dir='ltr'>oculi</span> <span class='ocrx_word' id='word_1_267' title='bbox 573 2557 830 2628; x_wconf 85' lang='lat' dir='ltr'>ingravescunt]</span> <span class='ocrx_word' id='word_1_268' title='bbox 855 2562 964 2614; x_wconf 89' lang='lat' dir='ltr'>certam</span> <span class='ocrx_word' id='word_1_269' title='bbox 987 2563 1151 2617; x_wconf 53' lang='lat' dir='ltr'>model</span> 
     </span>
     <span class='ocr_line' id='line_1_35' title="bbox 67 2628 1150 2754; baseline 0.005 -73"><span class='ocrx_word' id='word_1_270' title='bbox 67 2628 125 2682; x_wconf 90' lang='lat' dir='ltr'>lam</span> <span class='ocrx_word' id='word_1_271' title='bbox 143 2646 199 2683; x_wconf 91' lang='lat' dir='ltr'>non</span> <span class='ocrx_word' id='word_1_272' title='bbox 217 2629 337 2698; x_wconf 77' lang='lat' dir='ltr'>repperi.</span> <span class='ocrx_word' id='word_1_273' title='bbox 375 2629 494 2696; x_wconf 83' lang='lat' dir='ltr'>cogitari</span> <span class='ocrx_word' id='word_1_274' title='bbox 512 2633 631 2699; x_wconf 75' lang='lat' dir='ltr'>possunt</span> <span class='ocrx_word' id='word_1_275' title='bbox 649 2635 732 2754; x_wconf 66' lang='grc' dir='ltr'><strong><em>οηβιιλ</em></strong></span> <span class='ocrx_word' id='word_1_276' title='bbox 755 2629 859 2699; x_wconf 66' lang='lat' dir='ltr'>(oses.</span> <span class='ocrx_word' id='word_1_277' title='bbox 876 2636 927 2685; x_wconf 88' lang='grc'>140</span> <span class='ocrx_word' id='word_1_278' title='bbox 947 2639 1035 2702; x_wconf 78' lang='lat' dir='ltr'>caput</span> <span class='ocrx_word' id='word_1_279' title='bbox 1052 2629 1150 2688; x_wconf 48' lang='lat' dir='ltr'>ir&amp;</span> 
     </span>
     <span class='ocr_line' id='line_1_36' title="bbox 68 2699 1147 2771; baseline 0.006 -18"><span class='ocrx_word' id='word_1_280' title='bbox 68 2705 169 2753; x_wconf 84' lang='lat' dir='ltr'>terram</span> <span class='ocrx_word' id='word_1_281' title='bbox 187 2699 339 2764; x_wconf 78' lang='lat' dir='ltr'>demissum,</span> <span class='ocrx_word' id='word_1_282' title='bbox 358 2704 400 2752; x_wconf 89' lang='grc'>48.</span> <span class='ocrx_word' id='word_1_283' title='bbox 417 2705 449 2754; x_wconf 81' lang='lat'>82</span> <span class='ocrx_word' id='word_1_284' title='bbox 469 2702 569 2768; x_wconf 78' lang='lat' dir='ltr'>capilio</span> <span class='ocrx_word' id='word_1_285' title='bbox 590 2717 673 2771; x_wconf 80' lang='lat' dir='ltr'>praee</span> <span class='ocrx_word' id='word_1_286' title='bbox 693 2702 736 2769; x_wconf 86' lang='lat' dir='ltr'>o),</span> <span class='ocrx_word' id='word_1_287' title='bbox 758 2701 849 2756; x_wconf 78' lang='lat' dir='ltr'>cervia</span> <span class='ocrx_word' id='word_1_288' title='bbox 872 2702 970 2770; x_wconf 65' lang='lat'>(0147</span> <span class='ocrx_word' id='word_1_289' title='bbox 989 2700 1147 2759; x_wconf 62' lang='grc' dir='ltr'><strong><em>οειυίνύ</em></strong></span> 
     </span>
     <span class='ocr_line' id='line_1_37' title="bbox 69 2768 1144 2842; baseline 0.006 -19"><span class='ocrx_word' id='word_1_290' title='bbox 69 2770 106 2823; x_wconf 82' lang='lat' dir='ltr'>acl</span> <span class='ocrx_word' id='word_1_291' title='bbox 124 2773 225 2822; x_wconf 80' lang='lat' dir='ltr'>terram</span> <span class='ocrx_word' id='word_1_292' title='bbox 248 2769 380 2837; x_wconf 82' lang='lat' dir='ltr'>demissa,</span> <span class='ocrx_word' id='word_1_293' title='bbox 403 2774 437 2822; x_wconf 85' lang='grc'>34</span> <span class='ocrx_word' id='word_1_294' title='bbox 460 2772 551 2824; x_wconf 79' lang='grc' dir='ltr'><strong><em>τεκνία</em></strong></span> <span class='ocrx_word' id='word_1_295' title='bbox 573 2774 701 2840; x_wconf 78' lang='lat' dir='ltr'>prorata)</span> <span class='ocrx_word' id='word_1_296' title='bbox 726 2768 784 2825; x_wconf 86' lang='lat' dir='ltr'>alia</span> <span class='ocrx_word' id='word_1_297' title='bbox 819 2771 865 2840; x_wconf 82' lang='lat' dir='ltr'>(of.</span> <span class='ocrx_word' id='word_1_298' title='bbox 881 2773 953 2842; x_wconf 79' lang='lat' dir='ltr'>Vog.</span> <span class='ocrx_word' id='word_1_299' title='bbox 968 2772 981 2825; x_wconf 94' lang='grc' dir='ltr'>Ι</span> <span class='ocrx_word' id='word_1_300' title='bbox 996 2780 1023 2842; x_wconf 84' lang='grc'>9,</span> <span class='ocrx_word' id='word_1_301' title='bbox 1038 2775 1088 2842; x_wconf 79' lang='lat'>6.)-</span> <span class='ocrx_word' id='word_1_302' title='bbox 1128 2796 1144 2809; x_wconf 82' lang='lat'>-</span> 
     </span>
     <span class='ocr_line' id='line_1_38' title="bbox 70 2837 1139 2911; baseline 0.006 -20"><span class='ocrx_word' id='word_1_303' title='bbox 70 2854 136 2893; x_wconf 88' lang='lat' dir='ltr'>sane</span> <span class='ocrx_word' id='word_1_304' title='bbox 156 2837 261 2892; x_wconf 88' lang='lat' dir='ltr'>arridet</span> <span class='ocrx_word' id='word_1_305' title='bbox 280 2839 356 2906; x_wconf 91' lang='lat' dir='ltr'>quod</span> <span class='ocrx_word' id='word_1_306' title='bbox 380 2840 565 2895; x_wconf 88' lang='lat' dir='ltr'>Buechelerus</span> <span class='ocrx_word' id='word_1_307' title='bbox 588 2842 735 2911; x_wconf 87' lang='lat' dir='ltr'>proposuit</span> <span class='ocrx_word' id='word_1_308' title='bbox 756 2843 877 2909; x_wconf 70' lang='lat' dir='ltr'>fistulam</span> <span class='ocrx_word' id='word_1_309' title='bbox 899 2843 987 2910; x_wconf 82' lang='lat' dir='ltr'>faciet</span> <span class='ocrx_word' id='word_1_310' title='bbox 1005 2846 1139 2900; x_wconf 56' lang='lat' dir='ltr'>cutim</span> 
     </span>
     <span class='ocr_line' id='line_1_39' title="bbox 69 2907 831 2980; baseline 0.003 -16"><span class='ocrx_word' id='word_1_311' title='bbox 69 2915 136 2964; x_wconf 80' lang='lat' dir='ltr'>tanc</span> <span class='ocrx_word' id='word_1_312' title='bbox 155 2951 160 2963; x_wconf 89' lang='grc'><em>,</em></span> <span class='ocrx_word' id='word_1_313' title='bbox 182 2952 188 2964; x_wconf 92' lang='grc'><strong><em>.</em></strong></span> <span class='ocrx_word' id='word_1_314' title='bbox 209 2951 214 2963; x_wconf 89' lang='grc'><em>,</em></span> <span class='ocrx_word' id='word_1_315' title='bbox 233 2909 279 2979; x_wconf 89' lang='lat' dir='ltr'>(cf.</span> <span class='ocrx_word' id='word_1_316' title='bbox 296 2907 390 2964; x_wconf 81' lang='lat' dir='ltr'>Celsus</span> <span class='ocrx_word' id='word_1_317' title='bbox 404 2909 473 2963; x_wconf 85' lang='lat' dir='ltr'>VI4</span> <span class='ocrx_word' id='word_1_318' title='bbox 492 2911 526 2964; x_wconf 88' lang='lat' dir='ltr'>de</span> <span class='ocrx_word' id='word_1_319' title='bbox 544 2912 646 2966; x_wconf 88' lang='lat' dir='ltr'>fistulis</span> <span class='ocrx_word' id='word_1_320' title='bbox 664 2912 831 2980; x_wconf 90' lang='lat' dir='ltr'>hominum).</span> 
     </span>
    </p>

    <p class='ocr_par' dir='ltr' id='par_1_12' title="bbox 70 2979 1128 3194">
     <span class='ocr_line' id='line_1_40' title="bbox 139 2979 1128 3061; baseline 0.009 -29"><span class='ocrx_word' id='word_1_321' title='bbox 139 2981 257 3061; x_wconf 82' lang='lat' dir='ltr'>priora</span> <span class='ocrx_word' id='word_1_322' title='bbox 275 2979 450 3049; x_wconf 84' lang='lat' dir='ltr'>persequi;</span> <span class='ocrx_word' id='word_1_323' title='bbox 471 2983 570 3052; x_wconf 87' lang='lat' dir='ltr'>quae]</span> <span class='ocrx_word' id='word_1_324' title='bbox 596 2982 656 3037; x_wconf 90' lang='lat' dir='ltr'>scil.</span> <span class='ocrx_word' id='word_1_325' title='bbox 671 2984 767 3052; x_wconf 81' lang='lat' dir='ltr'>passio</span> <span class='ocrx_word' id='word_1_326' title='bbox 786 2986 832 3052; x_wconf 90' lang='lat'>(=</span> <span class='ocrx_word' id='word_1_327' title='bbox 851 2983 875 3036; x_wconf 88' lang='lat' dir='ltr'>si</span> <span class='ocrx_word' id='word_1_328' title='bbox 894 3001 952 3052; x_wconf 91' lang='lat' dir='ltr'>qua</span> <span class='ocrx_word' id='word_1_329' title='bbox 970 2986 1099 3054; x_wconf 83' lang='lat' dir='ltr'>passio&gt;</span> <span class='ocrx_word' id='word_1_330' title='bbox 1116 3015 1128 3026; x_wconf 90' lang='lat'>-</span> 
     </span>
     <span class='ocr_line' id='line_1_41' title="bbox 72 3052 1123 3126; baseline 0.011 -24"><span class='ocrx_word' id='word_1_331' title='bbox 72 3052 233 3104; x_wconf 80' lang='lat' dir='ltr'>concinnius</span> <span class='ocrx_word' id='word_1_332' title='bbox 261 3053 357 3106; x_wconf 88' lang='lat' dir='ltr'>autem</span> <span class='ocrx_word' id='word_1_333' title='bbox 384 3052 496 3106; x_wconf 85' lang='lat' dir='ltr'>videtur</span> <span class='ocrx_word' id='word_1_334' title='bbox 523 3055 623 3122; x_wconf 82' lang='lat' dir='ltr'>priora</span> <span class='ocrx_word' id='word_1_335' title='bbox 646 3055 775 3124; x_wconf 80' lang='lat' dir='ltr'>persequi</span> <span class='ocrx_word' id='word_1_336' title='bbox 806 3071 888 3124; x_wconf 84' lang='lat' dir='ltr'>qaam</span> <span class='ocrx_word' id='word_1_337' title='bbox 911 3057 1083 3126; x_wconf 65' lang='lat' dir='ltr'>posteriores</span> <span class='ocrx_word' id='word_1_338' title='bbox 1096 3064 1123 3114; x_wconf 71' lang='grc' dir='ltr'><em>ἰ</em></span> 
     </span>
     <span class='ocr_line' id='line_1_42' title="bbox 70 3119 652 3194; baseline 0.009 -21"><span class='ocrx_word' id='word_1_339' title='bbox 70 3119 116 3190; x_wconf 80' lang='lat' dir='ltr'>&lt;si</span> <span class='ocrx_word' id='word_1_340' title='bbox 125 3123 302 3194; x_wconf 78' lang='lat' dir='ltr'>posteriora&gt;</span> <span class='ocrx_word' id='word_1_341' title='bbox 321 3124 447 3189; x_wconf 80' lang='lat' dir='ltr'>terruerit,</span> <span class='ocrx_word' id='word_1_342' title='bbox 465 3124 523 3178; x_wconf 80' lang='lat' dir='ltr'>siae</span> <span class='ocrx_word' id='word_1_343' title='bbox 541 3139 588 3192; x_wconf 83' lang='lat' dir='ltr'>spe</span> <span class='ocrx_word' id='word_1_344' title='bbox 606 3129 652 3178; x_wconf 82' lang='lat' dir='ltr'>est.</span> 
     </span>
    </p>

    <p class='ocr_par' dir='ltr' id='par_1_13' title="bbox 70 3189 1104 3480">
     <span class='ocr_line' id='line_1_43' title="bbox 140 3189 1104 3266; baseline 0.007 -23"><span class='ocrx_word' id='word_1_345' title='bbox 140 3189 196 3243; x_wconf 81' lang='grc'>449</span> <span class='ocrx_word' id='word_1_346' title='bbox 215 3192 250 3245; x_wconf 91' lang='grc' dir='ltr'>Η</span> <span class='ocrx_word' id='word_1_347' title='bbox 257 3199 290 3245; x_wconf 78' lang='grc'>23</span> <span class='ocrx_word' id='word_1_348' title='bbox 302 3192 433 3262; x_wconf 78' lang='grc' dir='ltr'><strong><em>μάλαγμα</em></strong></span> <span class='ocrx_word' id='word_1_349' title='bbox 442 3194 512 3263; x_wconf 88' lang='grc' dir='ltr'><strong><em>πρὸς</em></strong></span> <span class='ocrx_word' id='word_1_350' title='bbox 525 3195 556 3248; x_wconf 87' lang='grc' dir='ltr'><strong><em>τὸ</em></strong></span> <span class='ocrx_word' id='word_1_351' title='bbox 567 3195 634 3249; x_wconf 80' lang='grc' dir='ltr'><strong><em>αὐτὸ</em></strong></span> <span class='ocrx_word' id='word_1_352' title='bbox 646 3194 749 3257; x_wconf 75' lang='grc' dir='ltr'><strong><em>πάθος.</em></strong></span> <span class='ocrx_word' id='word_1_353' title='bbox 769 3197 867 3250; x_wconf 91' lang='grc' dir='ltr'><strong><em>συκίου</em></strong></span> <span class='ocrx_word' id='word_1_354' title='bbox 879 3199 996 3266; x_wconf 87' lang='grc' dir='ltr'><strong><em>(Λυκίου</em></strong></span> <span class='ocrx_word' id='word_1_355' title='bbox 1008 3192 1104 3257; x_wconf 86' lang='grc' dir='ltr'>ΜΡ)</span> 
     </span>
     <span class='ocr_line' id='line_1_44' title="bbox 70 3260 1097 3337; baseline 0.011 -27"><span class='ocrx_word' id='word_1_356' title='bbox 70 3260 155 3326; x_wconf 84' lang='grc' dir='ltr'><strong><em>ξηροῦ</em></strong></span> <span class='ocrx_word' id='word_1_357' title='bbox 174 3263 268 3329; x_wconf 91' lang='grc' dir='ltr'><strong><em>λίτρας</em></strong></span> <span class='ocrx_word' id='word_1_358' title='bbox 283 3263 321 3330; x_wconf 79' lang='grc' dir='ltr'>δ’,</span> <span class='ocrx_word' id='word_1_359' title='bbox 340 3268 455 3331; x_wconf 78' lang='grc' dir='ltr'><strong><em>κηκῖδος</em></strong></span> <span class='ocrx_word' id='word_1_360' title='bbox 473 3267 674 3334; x_wconf 85' lang='grc' dir='ltr'><strong><em>κυπαρισσίνης</em></strong></span> <span class='ocrx_word' id='word_1_361' title='bbox 693 3268 787 3335; x_wconf 89' lang='grc' dir='ltr'><strong><em>λίτρας</em></strong></span> <span class='ocrx_word' id='word_1_362' title='bbox 804 3264 949 3337; x_wconf 81' lang='grc' dir='ltr'><strong><em>τέσσαρας,</em></strong></span> <span class='ocrx_word' id='word_1_363' title='bbox 969 3264 1097 3336; x_wconf 63' lang='grc' dir='ltr'><strong><em>ρἠτίνης</em></strong></span> 
     </span>
     <span class='ocr_line' id='line_1_45' title="bbox 70 3331 1089 3414; baseline -0.004 -24"><span class='ocrx_word' id='word_1_364' title='bbox 70 3337 194 3414; x_wconf 61' lang='grc' dir='ltr'><strong><em>φξυκτῆς</em></strong></span> <span class='ocrx_word' id='word_1_365' title='bbox 217 3333 313 3398; x_wconf 75' lang='grc' dir='ltr'><strong><em>λίτραν</em></strong></span> <span class='ocrx_word' id='word_1_366' title='bbox 338 3335 378 3400; x_wconf 88' lang='grc' dir='ltr'>α’,</span> <span class='ocrx_word' id='word_1_367' title='bbox 403 3337 543 3403; x_wconf 74' lang='grc' dir='ltr'><strong><em>ἀψινθίου</em></strong></span> <span class='ocrx_word' id='word_1_368' title='bbox 569 3336 742 3406; x_wconf 82' lang='grc' dir='ltr'><strong><em>κεκομμένου</em></strong></span> <span class='ocrx_word' id='word_1_369' title='bbox 761 3339 858 3408; x_wconf 90' lang='grc' dir='ltr'><strong><em>λίτραν</em></strong></span> <span class='ocrx_word' id='word_1_370' title='bbox 878 3337 920 3392; x_wconf 89' lang='grc' dir='ltr'>α’.</span> <span class='ocrx_word' id='word_1_371' title='bbox 957 3337 993 3392; x_wconf 81' lang='grc' dir='ltr'><strong><em>τὰ</em></strong></span> <span class='ocrx_word' id='word_1_372' title='bbox 1011 3331 1089 3406; x_wconf 78' lang='grc' dir='ltr'><strong><em>ξηρά</em></strong></span> 
     </span>
     <span class='ocr_line' id='line_1_46' title="bbox 70 3400 1082 3480; baseline -0.001 -20"><span class='ocrx_word' id='word_1_373' title='bbox 70 3410 162 3466; x_wconf 60' lang='lat' dir='ltr'>”was</span> <span class='ocrx_word' id='word_1_374' title='bbox 180 3400 228 3452; x_wconf 71' lang='grc' dir='ltr'>καὶ</span> <span class='ocrx_word' id='word_1_375' title='bbox 248 3400 334 3467; x_wconf 82' lang='grc' dir='ltr'><strong><em>σήσας</em></strong></span> <span class='ocrx_word' id='word_1_376' title='bbox 353 3406 401 3457; x_wconf 86' lang='grc' dir='ltr'>καλ</span> <span class='ocrx_word' id='word_1_377' title='bbox 419 3413 477 3467; x_wconf 84' lang='grc' dir='ltr'><strong><em>τοῖς</em></strong></span> <span class='ocrx_word' id='word_1_378' title='bbox 495 3415 605 3475; x_wconf 84' lang='grc' dir='ltr'><strong><em>τηκτοῖς</em></strong></span> <span class='ocrx_word' id='word_1_379' title='bbox 623 3404 704 3476; x_wconf 90' lang='grc' dir='ltr'><strong><em>μίξας</em></strong></span> <span class='ocrx_word' id='word_1_380' title='bbox 722 3417 786 3477; x_wconf 85' lang='grc' dir='ltr'><strong><em>χρῶ.</em></strong></span> <span class='ocrx_word' id='word_1_381' title='bbox 824 3411 1035 3480; x_wconf 87' lang='grc' dir='ltr'><strong><em>προποτίσματα</em></strong></span> <span class='ocrx_word' id='word_1_382' title='bbox 1047 3401 1082 3459; x_wconf 66' lang='grc' dir='ltr'>δὲ</span> 
     </span>
    </p>
   </div>
   <div class='ocr_carea' id='block_1_3' title="bbox 0 0 1198 3878">
    <p class='ocr_par' dir='ltr' id='par_1_14' title="bbox 0 0 1198 3878">
     <span class='ocr_line' id='line_1_47' title="bbox 0 0 1198 3878; baseline 0 0"><span class='ocrx_word' id='word_1_383' title='bbox 0 0 1198 3878; x_wconf 95' lang='lat' dir='ltr'> </span> 
     </span>
    </p>
   </div>
  </div>
 </body>
</html>
