2348 3878
505 117 724 182 ..84-

109 283 220 342 nimius
243 281 368 360 sanguis
385 281 526 359 eruperit,
548 282 657 357 pannis
676 281 819 341 mollibus
837 282 950 357 carptis
969 301 1040 342 cum
1058 285 1120 344 oleo

109 375 141 431 ct
163 374 248 431 aceto
272 374 303 430 et
325 369 438 430 salibus
460 369 586 429 minutis
613 373 645 430 et
672 389 741 430 cum
769 372 899 429 stercore
926 370 1024 447 ipsius
1054 372 1121 448 equi

109 460 272 520 articulum
294 478 363 519 cum
384 459 501 536 ungula
524 459 671 536 alligabis.
701 462 771 534 post
793 458 918 517 tertium
940 459 1022 518 diem
1046 461 1119 520 cale·

109 549 255 608 factiones
274 549 373 607 facies.
412 548 438 605 si
455 566 524 607 caro
543 547 714 625 exererent,
739 550 794 606 aut
813 547 944 623 styptico
964 550 1021 607 aut
1040 551 1120 608 trau-

108 637 219 698 matico
241 637 337 696 uteris
365 635 545 712 saepiusque
573 635 714 711 scalpello
742 655 867 696 cornum
893 637 1029 714 ungulae
1053 647 1154 713 pur-⁵

109 729 181 805 gato
200 728 232 786 et
249 726 358 803 tollito,
376 727 414 783 ut
431 724 600 800 aequaliter
617 726 739 784 crescat.
771 727 845 783 tuno
858 725 1013 802 malagma
1032 726 1121 785 cruda

108 815 204 874 uteris
228 817 259 874 et
280 815 360 872 lente
384 813 538 872 ambulare
561 832 657 890 coges.
694 812 858 872 novissima
880 816 985 872 autem
1006 814 1122 874 medela

110 906 156 963 est
177 903 305 980 inurere,
329 902 355 960 si
378 919 496 961 necesse
519 901 619 960 fuerit.

43 997 98 1054 257
176 991 254 1051 Item
277 991 303 1049 si
325 1007 421 1066 equus
444 990 476 1047 in
499 990 635 1049 articulis
654 991 710 1048 aut
728 989 819 1049 armis
838 990 998 1050 crassiores
1018 1009 1123 1052 nervos

111 1082 166 1139 aut
187 1080 346 1138 tubercula
368 1078 521 1156 habuerit,
544 1079 630 1137 inure
654 1078 680 1136 si
702 1096 820 1138 necesse
843 1078 949 1157 fuerit,
978 1082 1035 1137 aut
1058 1079 1084 1138 si
1107 1092 1155 1138 aro

109 1168 184 1228 locis
216 1167 406 1244 compagines
435 1166 633 1226 artIculorum
663 1167 854 1244 recesserint,
881 1186 918 1226 ex
944 1167 1123 1227 necessitate

110 1256 235 1334 sanguis
262 1255 443 1314 emittendus
471 1258 518 1314 est
545 1258 575 1314 et
605 1256 672 1315 loca
700 1255 766 1331 ipsa
800 1255 916 1315 minute
944 1255 1123 1316 soarifanda.

109 1348 183 1404 tunc
202 1344 308 1404 similis
326 1362 399 1403 cura
417 1343 589 1402 adhibetur:
611 1344 714 1403 lanam
732 1344 869 1404 sucidam
885 1347 917 1404 et
935 1343 1039 1404 oleum
1057 1363 1124 1404 oum

111 1435 196 1493 aceto
220 1426 355 1492 articulis
378 1432 525 1508 imponito
548 1451 602 1508 per
624 1433 686 1491 dies
711 1434 864 1511 quattuor,
887 1432 932 1491 ita
954 1435 992 1491 ut
1015 1433 1125 1493 cotidie

110 1540 203 1582 eures.
250 1524 320 1598 post
352 1521 448 1581 calido
480 1520 675 1581 medicamine
708 1521 858 1580 solidandi
888 1523 961 1580 sunt
993 1521 1125 1598 articuli,
1137 1531 1156 1574 1⁵

111 1611 197 1671 ouius
233 1611 306 1670 haec
343 1613 390 1669 est
425 1610 616 1686 compositio:
649 1609 762 1685 sinapis
800 1612 871 1668 sert.
905 1611 936 1668 et
973 1610 1126 1670 scordium

110 1699 143 1758 in
165 1717 261 1758 unum
279 1699 438 1775 contunde,
462 1701 517 1757 aut
535 1699 561 1757 si
578 1698 784 1758 vehementius
803 1697 966 1757 calefacere
983 1698 1126 1776 volueris,

111 1788 204 1848 etiam
221 1787 345 1866 galbani
366 1817 403 1828 —-
425 1786 472 1844 ΙΠ
490 1805 560 1845 cum
577 1786 683 1846 ceteris
703 1786 915 1862 suprascriptis
932 1785 1126 1863 misceantur,

110 1876 261 1936 medullae
285 1875 483 1934 cervinae-
502 1874 549 1932 ΙΠ
572 1877 603 1933 et
625 1874 703 1934 aceti
726 1876 808 1951 quod
830 1873 950 1934 sufficit.

48 1965 106 2023 258
181 1963 259 2022 Item
282 1963 307 2021 ai
331 1980 426 2037 equus
444 1961 477 2019 in
494 1962 631 2021 articulis
653 1962 757 2021 autin
776 1963 867 2022 armis
885 1981 1001 2023 crassos
1020 1983 1127 2026 nervos
1138 1976 1158 2016 2⁰

111 2050 259 2128 habuerit,
274 2050 397 2128 sanguis
411 2070 447 2110 ex
459 2050 637 2110 necessitate
649 2052 685 2110 de
694 2051 759 2127 ipso
769 2052 845 2126 pede
859 2052 1066 2112 detrahendus
1080 2056 1125 2113 est

112 2142 143 2199 et
161 2158 241 2215 aqua
260 2139 357 2198 calida
375 2138 543 2198 diutissime
560 2139 627 2199 loca
645 2139 711 2215 ipsa
730 2140 858 2201 fovenda
881 2143 953 2200 sunt
975 2143 1008 2200 et
1026 2142 1126 2201 calida

111 2229 182 2288 vino
197 2230 228 2286 et
242 2229 307 2286 oleo
322 2227 433 2287 cibario
447 2247 502 2304 per
515 2227 578 2287 dies
597 2228 730 2304 quinque
745 2227 936 2289 confricanda
950 2232 1030 2288 sunt.
1055 2233 1127 2290 tuno

113 2317 139 2375 si
162 2335 263 2375 armus
286 2317 318 2374 in
341 2335 432 2376 causa
454 2317 555 2394 fuerit,
579 2316 611 2374 in
629 2317 776 2392 piscinam
794 2336 871 2396 eum,
894 2320 930 2376 ut
958 2320 1056 2397 natet,
1080 2319 1127 2379 de·

112 2405 195 2465 mitti
223 2405 330 2482 placet.
374 2405 400 2464 si
415 2405 491 2465 nihil
513 2405 674 2482 profuerit,
697 2405 874 2465 necessitate
895 2409 1022 2484 cogente
1045 2408 1160 2467 uritou

112 2495 312 2554 reticulatim
342 2497 413 2553 usta
436 2497 541 2554 curato
564 2497 601 2553 ut
624 2512 715 2569 supra
738 2494 884 2570 scriptum
906 2488 1005 2572 (est).

49 2584 106 2642 252
183 2583 216 2642 Si
239 2583 432 2660 suffraginem
454 2583 594 2643 miseram
617 2585 672 2641 aut
689 2583 838 2642 tumidam
855 2583 1005 2662 habuerit,
1029 2585 1127 2645 cilicio

115 2671 287 2749 confricato,
310 2689 407 2747 usque
430 2690 499 2730 cum
522 2671 645 2749 sanguis
664 2671 803 2747 eiciatur;
826 2670 894 2730 inde
913 2672 1047 2732 farinam
1066 2673 1129 2734 ervi

114 2760 202 2819 melle
226 2777 417 2834 consparsam
439 2779 538 2835 panno
563 2759 686 2820 induces
716 2763 747 2818 et
774 2759 968 2838 suffraginem
995 2761 1076 2839 ligas
1100 2766 1129 2822 et

113 2849 215 2908 triduo
238 2850 419 2924 permaneat.
1140 2861 1162 2902 su

48 2939 106 2996 260
183 2938 261 2997 Item
284 2938 322 2997 ad
346 2955 478 3016 ozaenas
502 2936 641 3013 apopiras
660 2936 813 3014 Pelagoni.
850 2956 960 3013 panem
981 2938 1130 2998 cibarium

114 3027 147 3085 in
166 3046 279 3103 aquam
296 3026 448 3086 infundite
467 3028 498 3085 et
515 3028 621 3102 postea
639 3026 671 3083 in
690 3025 833 3084 mortario
852 3028 930 3086 teres
949 3027 982 3084 in
1005 3028 1129 3087 modum

113 3139 327 3146 ἠ,-

188 3198 204 3246 8
222 3194 328 3248 inurire
346 3196 355 3264 11
377 3200 409 3249 15
434 3191 538 3249 callido
556 3194 566 3262 11
586 3197 619 3248 16
642 3193 695 3247 hee
721 3196 726 3260 1
751 3192 889 3260 uicturus
907 3193 1128 3265 κεκαθαρμένον

115 3266 213 3332 λίτραν
233 3261 263 3316 α’
280 3264 315 3319 H
318 3266 347 3319 P
371 3263 509 3332 studueras
527 3262 744 3334 κεκαθαρμένης
761 3268 784 3318 λ.
804 3263 836 3318 α’
850 3266 888 3320 Μ
901 3267 905 3336 1
922 3268 1053 3322 scordum
1068 3269 1128 3337 (om.

115 3336 201 3402 HM)
216 3336 226 3404 1
241 3340 273 3389 18
293 3351 356 3390 oum
375 3337 477 3391 ueteris
497 3339 525 3390 s‘s
548 3339 558 3405 11
580 3341 614 3390 22
634 3335 738 3390 callida
762 3337 767 3404 1
792 3341 826 3389 23
846 3336 951 3392 callida
968 3337 997 3393 R
1034 3338 1129 3393 calido

116 3406 211 3460 Sarch.
228 3407 233 3476 1
249 3404 424 3475 confriguudi
437 3409 447 3478 11
461 3411 495 3461 24
503 3404 609 3462 dimitti
623 3407 632 3475 1
645 3411 680 3461 26
691 3408 722 3461 ut
729 3411 765 3462 s‘s.
780 3393 1006 3479 {12800nf‘rigato
1022 3408 1026 3474 Ι
1044 3408 1128 3464 eicia-

105 3476 168 3544 tur]
179 3477 275 3542 fueret
293 3475 426 3532 eliciatur
441 3483 446 3549 1
462 3477 543 3534 hethi
556 3480 612 3549 1131
632 3477 725 3533 ozinas
