2348 3878
507 106 723 170 ..52-

62 282 100 337 83
177 273 226 331 Ad
257 275 371 330 tussem
401 270 451 329 vel
485 269 523 328 ad
554 271 664 330 vulsos
711 288 797 328 arum
829 269 980 328 Gallicum
1012 271 1122 329 tundes

111 363 270 440 diligenter
292 362 323 419 et
345 361 450 435 postea
472 359 595 418 herbam
617 357 823 436 parietariam,
852 362 882 417 et
909 358 1006 418 denuo
1031 359 1123 417 simul

111 450 214 510 tundis
237 449 332 509 etsie
356 447 495 525 adiungis
514 447 677 525 axungiam
695 450 833 525 veterem,
858 450 888 506 et
907 448 1008 507 omnia
1031 448 1124 506 simul

111 539 214 598 tundis
232 537 392 616 diligenter
409 538 441 595 et
457 536 532 595 facis
550 536 696 614 pastillos,
717 555 791 612 quos
810 536 841 594 in
860 536 947 594 melle
967 539 998 595 et
1010 536 1123 612 butyro

112 628 202 687 deicis
224 647 279 703 per
299 625 442 684 triduum.
1151 644 1163 684 s

64 723 103 779 84
179 715 384 776 Glutinatoria
407 714 445 772 ad
467 713 565 773 volsos
589 713 651 772 sive
677 713 822 772 hiemalia.
860 714 1011 773 tracanthi
1031 746 1072 754 —
1092 714 1125 772 Π

112 805 247 864 infundis
279 804 310 862 in
340 802 437 862 calida
470 804 500 860 et
531 801 627 859 mittis
655 802 686 858 in
714 803 874 879 caccabum
906 803 987 861 faeni
1015 801 1125 861 Graeci

112 895 189 954 hem.
211 893 344 952 infusam
367 894 398 950 et
419 890 475 948 lini
498 890 617 948 seminis
640 890 729 968 hem,
758 892 820 950 sevi
842 891 950 949 hircini
973 891 1037 968 lib,
1061 911 1124 950 me·

113 984 214 1042 dullae
237 981 373 1041 cervinae
395 1011 433 1020 —
453 978 497 1056 H,
524 978 677 1038 radiculae
700 979 877 1039 draconteae
900 1013 937 1020 -
958 980 1001 1057 H,
1029 974 1124 1057 <gen-

113 1072 214 1130 tianae
238 1102 280 1111 —
299 1069 327 1145 I,
360 1069 536 1126 centaureae
560 1099 602 1108 -
626 1063 675 1145 I,>
710 1068 771 1127 sevi
799 1069 912 1127 taurini
939 1101 976 1109 -
1001 1069 1024 1126 Ι.
1072 1069 1164 1128 sedro

113 1160 198 1235 prius
220 1157 413 1216 tracanthum
439 1158 517 1215 teres
546 1157 577 1215 et
599 1156 695 1214 mittis
717 1156 795 1214 illud
817 1158 850 1215 in
872 1157 1032 1216 caccabum
1055 1176 1127 1216 eum

113 1247 169 1305 lini
192 1246 303 1305 semino
326 1248 357 1303 et
378 1245 467 1304 faeno
491 1243 604 1304 Graeco
628 1247 659 1304 et
680 1244 796 1304 ferveat
818 1246 947 1323 tamdiu,
978 1246 1127 1321 quamdiu

114 1334 341 1413 diligentissime
365 1334 551 1409 decoquatur
572 1332 605 1391 in
632 1353 725 1411 aqua,
755 1333 787 1391 in
810 1354 871 1409 qua
894 1335 1040 1393 infuderis
1063 1337 1126 1393 tra·

114 1425 265 1484 canthum.
312 1423 354 1481 sic
380 1425 486 1498 postea
513 1421 614 1482 omnia
641 1421 731 1481 simul
758 1423 929 1482 commisces
957 1426 987 1482 et
1014 1423 1127 1482 deteris

115 1515 145 1572 et
167 1513 263 1572 mittis
286 1511 318 1569 in
340 1511 501 1570 caccabum
527 1510 609 1587 passi
631 1511 775 1570 sextarios
797 1511 844 1569 ΙΠ
872 1515 903 1570 et
929 1512 1071 1587 decoquis
1097 1515 1129 1571 et
1143 1528 1166 1568 rs

114 1602 156 1661 sic
178 1621 233 1678 per
254 1619 347 1660 cornu
370 1600 460 1659 deicis
483 1600 592 1659 triduo.

67 1696 104 1752 85
181 1691 259 1750 Item
289 1690 350 1748 alia
379 1689 513 1748 Emeriti.
555 1689 587 1746 in
615 1707 695 1764 aqua
722 1707 860 1748 aaronem
887 1689 1031 1766 pinguem
1057 1709 1128 1764 por-

115 1780 217 1838 einum
239 1779 370 1853 decoque
395 1779 425 1836 et
447 1779 553 1852 postea
575 1794 679 1836 exossa
702 1780 732 1836 et
750 1777 846 1835 mittis
864 1777 1001 1835 illumin
1025 1795 1128 1836 cacca-

95 1868 222 1926 'bulum
250 1886 318 1925 cum
344 1865 427 1940 passi
454 1867 526 1923 sext.
549 1864 596 1923 HI
619 1867 650 1923 et
672 1868 744 1924 sext.
772 1866 888 1926 tisanae
916 1867 977 1925 iam
999 1866 1128 1944 infusae,

116 1959 147 2014 et
178 1956 245 2030 ipsa
276 1953 367 2012 simul
399 1953 438 2010 sit
468 1953 500 2010 in
533 1971 625 2030 aqua,
657 1952 689 2010 in
721 1973 782 2028 qua
812 1973 880 2014 aero
911 1956 1049 2014 decoctus
1082 1958 1130 2014 est
1144 1971 1166 2010 so

116 2043 165 2103 vel
187 2043 287 2100 tisana
309 2041 417 2098 infusa.
465 2041 604 2118 adiungis
628 2041 719 2099 simul
740 2046 896 2118 praetcrea
919 2044 1035 2122 glutem
1058 2047 1129 2102 tau-

116 2131 215 2189 rinam
243 2132 274 2188 et
303 2129 380 2187 aceti
410 2129 486 2187 acris
514 2129 666 2188 heminam
694 2130 861 2209 dimidiam,
894 2135 925 2191 et
954 2132 996 2190 sic
1026 2133 1130 2191 omnia

118 2219 207 2278 simul
230 2217 347 2276 tamdiu
370 2218 517 2296 ferveant,
541 2221 578 2276 ut
600 2219 709 2294 chylon
730 2219 851 2279 faciant.
893 2223 1048 2295 praeterea
1072 2222 1130 2279 lini

117 2327 225 2385 semen,
244 2308 444 2384 tracanthum,
466 2307 527 2365 iam
540 2307 641 2366 infusa
655 2307 686 2364 in
706 2308 803 2367 calida
822 2327 891 2367 cum
909 2310 996 2368 faeno
1013 2309 1129 2369 Graeco

117 2395 258 2472 decoquis
286 2397 316 2454 et
342 2398 542 2471 posteaquam
570 2396 695 2474 coxeris,
723 2397 795 2456 teris
822 2397 854 2454 in
880 2398 1024 2459 mortario
1048 2418 1130 2457 mar·
1145 2413 1166 2454 re

117 2504 218 2544 morco
250 2487 281 2543 et
313 2484 354 2543 sic
387 2483 479 2543 adicis
510 2483 548 2542 ad
585 2484 739 2560 superiora
771 2489 801 2544 et
833 2485 943 2544 iterum
975 2486 1128 2562 decoquis,

118 2592 279 2650 quaecum
296 2573 396 2633 omnia
411 2573 501 2631 simul
515 2572 675 2650 diligenter
688 2573 846 2651 decoxeriS,
862 2574 1001 2652 adiungis
1021 2593 1130 2634 sucum

117 2662 226 2721 herbae
240 2661 419 2737 parietariae
436 2664 467 2720 et
484 2661 650 2720 medullam
667 2662 818 2721 cervinam
836 2682 905 2722 cum
923 2682 992 2722 sevo
1011 2663 1129 2723 hircino

118 2754 149 2809 et
171 2751 213 2809 sio
237 2750 337 2809 omnia
360 2750 450 2808 simul
473 2749 613 2824 decoquis
637 2752 667 2808 et
685 2750 759 2809 facis
778 2751 938 2829 potionem,
964 2771 1057 2827 quam
1076 2773 1131 2829 per

118 2859 211 2899 comu
239 2838 323 2896 dabis
351 2838 455 2897 diebus
483 2840 596 2912 septem
624 2841 678 2896 aut
704 2859 818 2899 novem.
862 2859 931 2899 sane
962 2840 1131 2916 intepescat
1144 2854 1166 2895 sc

118 3003 331 3012 --.-—......-

191 3119 206 3167 3
226 3111 396 3176 auxungiam
411 3114 420 3181 ΙΙ
439 3117 455 3165 6
478 3111 601 3166 tracanti
619 3115 628 3183 ΙΙ
647 3119 662 3167 7
683 3113 787 3167 callida
805 3115 814 3183 i
833 3121 848 3168 9
873 3113 994 3168 radiolas
1018 3116 1131 3171 tracon·

118 3187 181 3238 teas
201 3213 233 3224 —
254 3182 280 3234 II
298 3183 326 3238 R
353 3179 429 3253 ῥίζης
451 3184 620 3253 δρακοντίας
637 3188 670 3253 pb
694 3181 718 3239 ε’
741 3185 779 3238 Μ
796 3187 919 3254 (accium
941 3203 1029 3240 cnam
1052 3188 1131 3253 ponit

126 3254 261 3326 Veyetius)
274 3257 283 3322 ΙΙ
297 3261 322 3308 9.
340 3261 372 3308 10
386 3256 515 3310 lacunam
528 3258 634 3325 captavi
647 3273 680 3310 ea
694 3272 825 3310 consensu
839 3257 875 3309 M
881 3262 906 3310 ct
922 3256 984 3325 ch.
998 3259 1007 3325 ΙΙ
1025 3264 1056 3311 11
1072 3261 1130 3310 tra·

120 3331 234 3378 cantum
248 3327 258 3394 ΙΙ
273 3331 305 3378 12
325 3325 388 3380 feno
405 3328 410 3395 Ι
425 3325 517 3380 feruet
534 3327 632 3380 tandiu
646 3328 655 3395 ΙΙ
671 3331 703 3379 15
724 3327 818 3381 mittes
832 3329 842 3396 b
858 3332 889 3380 1⁷
909 3325 983 3381 aliae
998 3326 1094 3382 meriti
1104 3328 1132 3382 R

117 3394 265 3466 Ἦμερίτοο
281 3397 339 3467 Ml
353 3402 387 3450 22
407 3397 490 3468 acris]
509 3400 571 3466 agri
587 3403 590 3465 Ι
607 3396 689 3464 ὄξους
706 3394 819 3467 δριμέος
836 3394 866 3451 δ’
887 3398 945 3466 ΜΗ
960 3403 993 3453 23
1009 3400 1108 3454 tandiu
1125 3398 1128 3469 1

112 3469 237 3519 chaelon
246 3470 264 3536 st
274 3472 310 3521 24
329 3466 459 3537 callidal
473 3474 507 3524 28
526 3468 668 3522 medulam.
