2348 3878
466 82 709 147 -121-

96 247 220 320 partibus
248 265 317 307 cum
343 247 442 307 resina
469 246 641 322 liquefactis
667 244 782 305 farinae
814 245 989 305 hordeaciae
1018 246 1097 305 subi-

96 335 178 415 gitur,
198 339 234 394 ut
257 336 298 396 sit
319 335 351 394 in
374 335 497 395 modum
524 336 739 412 cataplasmae,
763 332 844 410 quod
871 335 1001 394 calidum
1023 335 1097 394 locis

96 422 303 485 admovendum
317 427 363 484 est
377 425 409 482 in
423 425 470 483 die
489 423 542 483 bis
576 442 649 483 sana
665 419 727 498 [nc]
743 423 769 482 si
787 424 858 482 usta
871 426 960 482 amnt
974 426 1004 482 et
1019 443 1097 499 pura

96 513 122 568 et
137 513 302 573 cicatricem
318 513 497 591 remiserint,
515 513 698 590 malagmate
716 511 774 571 isto
788 511 836 570 uti
854 513 1000 572 convenit.
1024 513 1096 589 lycii
1106 511 1165 569 449

77 635 167 695 sach
187 614 213 713 i·
233 637 309 714 uu,
345 637 458 712 pilulae
497 636 628 712 cupressi
655 609 683 710 i·
702 635 777 713 un,
806 637 954 714 axungiae
977 609 1004 707 i.
1024 637 1095 715 ΠΗ,

96 723 200 785 resinae
235 726 331 785 frixae
358 725 422 804 lib,
456 725 600 785 absinthii
629 725 713 784 tunsi
744 723 808 782 lib:
837 743 914 800 quae
943 725 1097 784 tundenda

97 817 176 873 erunt
187 814 316 892 tundito,
332 832 408 890 quae
428 813 585 874 cribranda
604 813 741 872 cribrato.
760 813 898 888 potiones
912 832 982 872 sanc
1001 813 1098 873 eidem

95 901 189 963 morbo
211 921 360 981 congruas
383 902 492 962 cotidie
515 897 707 982 †antequam
729 904 766 960 ut
787 904 861 961 tunc
878 901 1042 979 praebebis,
1065 902 1098 960 id

96 989 136 1044 est
157 994 207 1050 aut
224 993 381 1068 pulverem
398 993 430 1051 to
450 991 588 1067 diapente
609 993 662 1049 aut
681 991 756 1050 alias
774 991 911 1066 potiones
930 1010 1007 1067 quae
1026 993 1098 1050 sunt

68 1086 87 1126 1⁰
96 1077 196 1140 morbis
218 1079 410 1140 necessariae.

155 1168 200 1228 Ad
220 1171 342 1229 tussem.
385 1188 453 1228 cum
476 1169 648 1244 frequenter
670 1168 866 1229 tussientibus
885 1168 970 1245 equis
992 1168 1097 1228 multis
1106 1165 1166 1221 450

96 1257 222 1318 remediis
251 1257 408 1318 subvenire
435 1257 596 1335 voluerim,
625 1257 766 1316 adhibitis
797 1258 889 1317 ctiam
915 1257 1097 1336 potionibus,

97 1337 181 1405 nihilo
194 1346 291 1424 magis
305 1346 415 1406 vitium
428 1345 520 1406 tussis
533 1347 746 1423 perseveraret,
764 1346 870 1405 multis
889 1347 1098 1420 experimentis

97 1425 141 1486 Vix
162 1435 404 1511 comprehensum
427 1437 472 1494 est
495 1435 611 1492 nuliam
633 1433 740 1492 utilem
758 1436 881 1509 tamque
899 1435 1098 1494 neeessariam

72 1512 166 1578 lthlssi
186 1543 247 1584 csse
272 1542 364 1599 quam
390 1523 482 1582 istam
507 1523 673 1600 potionem,
703 1540 779 1597 quae
802 1523 881 1579 infra
909 1522 1021 1597 scripta
1044 1523 1098 1600 est,

101 1619 180 1675 quam
200 1632 253 1688 per
275 1611 410 1671 triduum
433 1612 482 1671 vel
504 1631 559 1686 per
580 1610 642 1669 dics
662 1609 794 1685 quinque
817 1630 871 1686 per
889 1629 982 1668 cornu
1004 1608 1097 1668 dabis.

100 1686 191 1772 iioque
216 1701 271 1761 uni
303 1720 379 1776 equo
408 1700 563 1776 potionem
595 1698 682 1757 fabae
710 1698 805 1757 fresae
834 1701 904 1757 sext.
934 1698 1037 1773 coquis
1067 1700 1098 1756 ct

103 1795 160 1843 eun
180 1791 262 1850 cocta
275 1789 376 1867 fuerit,
395 1789 427 1846 in
445 1788 589 1848 mortario
608 1787 689 1864 teris,
711 1787 816 1863 butyri
834 1807 900 1846 unc.
920 1786 966 1845 ΠΙ
986 1790 1016 1845 et
1035 1787 1098 1846 sevi

102 1863 195 1934 hircini
216 1897 283 1938 unc.
302 1877 334 1935 H
357 1879 454 1937 solves
477 1877 516 1935 ad
538 1877 668 1936 calorem
691 1879 723 1935 et
750 1895 818 1935 cum
841 1877 974 1936 solutum
996 1875 1098 1953 fuerit,

72 1955 197 2051 ”adsies
218 1966 251 2024 in
279 1965 380 2024 fabam
402 1965 484 2025 faeni
513 1965 619 2025 Graeci
642 1960 857 2044 (sextarium).
900 1965 981 2041 quod
1007 1965 1099 2024 facies

103 2059 128 2101 111
153 2055 272 2115 caccabo
300 2054 414 2115 fervere
443 2073 511 2114 cum
544 2073 623 2130 aqua
655 2056 686 2113 et
718 2074 786 2114 cum
818 2053 950 2129 coeperit
976 2055 1101 2132 fervere,

103 2132 215 2204 sumam
229 2162 340 2220 aquam
354 2143 486 2203 effundes
500 2144 531 2202 ct
545 2142 636 2201 aliam
651 2143 761 2202 adicies
774 2162 869 2218 usque
885 2143 924 2201 ad
942 2145 1013 2202 sext.
1027 2143 1097 2200 IIII.

104 2219 179 2290 ³›ddes
200 2233 231 2291 in
254 2232 415 2292 caccabum
438 2231 550 2291 caricas
568 2232 623 2289 XX
646 2233 676 2290 et
699 2232 903 2308 glycyrrhizae
927 2250 993 2290 unc.
1013 2231 1045 2288 H
1068 2233 1101 2290 et

103 2307 204 2378 tamdiu
215 2321 308 2381 facies
321 2320 436 2380 fervere
455 2320 527 2378 dum
545 2319 694 2396 coquitur,
709 2315 896 2396 (quamdiu)
916 2337 934 2376 a
954 2321 1102 2395 quattuor

69 2402 163 2463 ²⁶⁸0&
185 2427 279 2487 aquae
303 2408 425 2470 sextarii
447 2411 509 2468 tres
526 2409 708 2467 remaneant.
746 2408 836 2467 istam
855 2425 966 2483 aquam
985 2408 1099 2482 superi-

104 2485 189 2556 ⁰ribus
209 2499 298 2558 rebus
321 2498 353 2557 id
376 2500 421 2556 est
443 2496 531 2557 fabae
549 2497 640 2556 tritae
664 2499 695 2556 et
712 2496 822 2572 butyro
842 2498 872 2555 ct
896 2514 964 2555 sevo
983 2495 1099 2555 hircino

104 2585 257 2648 ⁰01111nisces
276 2590 307 2646 et
321 2586 438 2646 deteris.
472 2586 596 2662 quodsi
615 2584 710 2661 spissa
728 2585 829 2664 fuerit,
848 2587 969 2644 tantum
988 2584 1099 2644 adicies

102 2670 171 2733 passi
200 2678 348 2752 quantum
379 2675 491 2751 liquori
522 2677 569 2734 est
604 2675 821 2753 necessarium,
853 2676 889 2732 ut
920 2694 974 2750 per
1005 2693 1099 2735 cornu

103 2758 183 2820 possit
203 2764 322 2823 effundi.

102 2925 297 2956 N„

161 3072 271 3146 elysii]
289 3071 337 3127 fici
354 3073 382 3127 R
414 3069 511 3127 coaice
530 3073 565 3127 H
598 3073 694 3127 toulon
713 3073 777 3129 PM
794 3074 804 3138 ss
827 3070 964 3139 hpilulas
983 3070 993 3138 b
1012 3077 1028 3125 6
1048 3069 1096 3124 ab·

88 3137 184 3201 ,roffi
205 3149 210 3215 Ι
235 3161 291 3214 que
308 3143 454 3199 tondenda
476 3145 486 3213 t
509 3149 524 3198 7
550 3143 695 3211 tunditoq3
722 3142 875 3197 crebrauda
897 3142 1026 3196 crebrato
1048 3143 1058 3211 11
1080 3146 1098 3195 8

107 3227 215 3287 quotidie
228 3235 238 3304 d
252 3237 286 3288 15
306 3232 391 3305 quae]
410 3233 487 3302 quel!
503 3237 535 3286 18
554 3231 649 3286 buturi
668 3232 677 3300 ΙΙ
693 3236 725 3285 19
744 3230 853 3299 hyrcini
866 3231 876 3299 ΙΙ
890 3236 924 3285 20
943 3229 1059 3286 adiicias
1082 3237 1095 3283 i

55 3360 62 3371 ,
106 3285 161 3352 ΜΕ
176 3301 231 3358 feni
247 3303 340 3373 grecis
359 3306 384 3357 si
402 3302 477 3371 quod
495 3303 524 3358 R
552 3301 714 3371 (sextarium
732 3303 838 3357 decoci
855 3319 889 3357 ex
909 3301 1025 3372 Veyete'o)
1040 3303 1049 3371 ss
1063 3306 1096 3354 21

107 3372 265 3445 “austrae
284 3374 372 3430 adicis
391 3375 400 3443 ss
418 3378 453 3428 23
472 3373 627 3447 glycyrigiq
646 3375 708 3443 {124
726 3372 795 3426 dum
814 3371 945 3442 coquitur
963 3369 1098 3441 quamdiu

108 3441 236 3515 “turpib
254 3447 293 3502 dd
311 3445 442 3513 coquitur
460 3444 497 3499 ad
514 3445 613 3514 Rssao
632 3445 758 3514 iotanae
776 3444 893 3514 hyrcino
