2310 3876
513 80 728 144 „42-

111 246 204 323 diora,
227 263 281 304 nee
304 243 425 303 dueenti
448 243 625 320 obsequitur
647 243 699 303 sed
719 242 842 305 inritus
866 248 1024 330 trahitur,
1045 270 1095 312 nee
1107 268 1129 311 se

110 334 248 393 volutare
271 332 383 408 poterit
405 332 457 391 sed
479 331 511 391 in
534 333 627 392 latera
649 330 767 392 iaoebit.
817 336 933 397 evenit
956 342 1066 401 autern
1082 340 1129 418 ple

111 439 239 498 rumque
261 420 352 480 febris
376 424 431 481 aut
452 421 546 481 nimio
567 420 677 498 labore,
699 420 803 481 idest
825 442 905 485 oum
929 445 1029 489 eursu
1045 429 1130 509 agitur

111 513 142 570 et
168 512 238 586 post
265 528 386 570 oursnm
412 530 473 570 non
500 508 737 586 competentibus
763 510 844 570 eibis
874 518 942 575 aut
968 517 1128 593 potionibus

110 600 246 675 curatur3
275 602 329 658 aut
351 598 475 677 frigore,
503 617 573 658 enm
594 597 753 676 diligentia
779 617 927 679 oongrua
950 608 1028 681 post
1048 606 1147 685 friguss

110 707 171 748 non
198 688 370 764 adhibetur3
400 691 456 747 aut
481 686 573 746 nimio
597 688 684 747 aestu
715 689 771 747 aut
796 688 976 771 cruditate,
1005 696 1128 773 fraqam·

110 776 172 837 tius
195 781 298 837 autem
321 777 432 838 hordeo
454 795 531 836 novo
555 775 750 835 contrahitur.

62 874 101 930 84
176 866 286 927 Febres
316 869 418 926 autem
447 867 593 925 eurantur
621 864 671 923 sie.
718 864 843 942 sanguis
874 865 916 926 de
950 872 1127 949 temporibus

109 955 243 1014 mittitur
266 958 297 1014 et
319 954 355 1014 de
377 954 454 1013 faeie
477 957 509 1013 et
531 953 569 1012 ab
593 952 674 1013 omni
696 952 761 1014 oibo
784 950 976 1018 abstinetur.
1020 964 1128 1021 tantun

109 1046 216 1118 potum
238 1041 442 1118 praebendum
469 1059 532 1102 esse
560 1041 648 1101 iubeo
676 1041 828 1101 moderate
857 1045 889 1103 et
919 1047 990 1107 alia
1017 1049 1068 1111 die
1088 1049 1145 1111 des

109 1129 244 1189 ambulet
267 1129 376 1188 sensim
394 1131 425 1189 et
443 1129 614 1188 stabuletur
635 1130 733 1191 ealido
754 1130 828 1189 loeo.
867 1131 895 1191 si
914 1136 1072 1213 temporis
1087 1158 1128 1215 op

108 1218 280 1294 portunitas
298 1217 423 1295 patitur,
441 1216 540 1277 herbis
557 1217 704 1278 viridibus
721 1218 922 1280 mersandam
942 1227 994 1283 est
1012 1245 1127 1306 aegrum

108 1324 212 1383 peens3
244 1306 271 1366 si
298 1308 417 1383 tempus
444 1305 476 1364 in
502 1305 599 1365 hieme
627 1311 685 1384 est,
714 1307 838 1366 faenum
864 1311 896 1368 et
924 1310 1127 1375 hordeume

108 1394 238 1455 tisanam
256 1395 397 1473 praebere
416 1394 614 1454 utilissimum
631 1398 684 1456 est.
717 1396 896 1473 plerumque
915 1403 1127 1465 autemeam

107 1504 178 1545 oum
200 1506 260 1547 non
281 1484 446 1565 febricitat,
474 1484 561 1564 signa
583 1484 615 1542 in
638 1485 704 1560 ipso
727 1484 830 1544 eadem
852 1485 1011 1569 invenies,
1035 1492 1069 1552 id
1089 1494 1148 1553 sai¹

107 1578 267 1653 gravatam
285 1576 437 1654 cervicem,
460 1576 553 1651 eaput
571 1572 610 1632 ad
628 1575 741 1632 terram
758 1573 930 1653 demissum,
955 1581 1124 1642 recumbere

106 1664 138 1722 in
161 1666 263 1726 latere.
300 1665 446 1725 hordeum
467 1663 623 1740 praebeto:
646 1661 673 1721 si
691 1660 858 1741 adpetierit,
882 1663 950 1724 sine
972 1668 1061 1730 fabre
1079 1673 1123 1730 est

106 1753 142 1812 de
161 1754 263 1814 labore
279 1754 328 1812 vel
347 1753 383 1811 de
402 1754 543 1827 ostoeopo
561 1751 638 1810 talia
656 1750 805 1810 eveniunt.
837 1751 863 1811 si
881 1754 992 1815 autem
1011 1758 1123 1837 febriat,

105 1843 137 1900 et
158 1841 303 1901 hordeum
321 1842 441 1898 recusat
464 1841 494 1898 et
517 1841 675 1900 anoreetus
693 1839 870 1916 plerumque
894 1843 941 1901 est
966 1847 1002 1904 et
1024 1847 1122 1925 tristis,

105 1929 203 1987 solum
225 1931 328 1986 tamen
350 1927 457 2002 potum
478 1927 620 2003 requirit;
643 1927 734 1989 febris
757 1931 860 1987 autem
881 1928 989 1992 triduo
1014 1935 1042 1994 si
1061 1946 1145 2013 per-s

104 2014 294 2091 severaverit,
317 2014 452 2074 moritur.
499 2015 553 2091 qui
575 2019 678 2076 autem
701 2018 756 2075 aut
778 2018 864 2076 taotu
886 2018 1049 2084 aurienlae
1071 2026 1121 2085 ant

103 2122 197 2163 venae
228 2121 305 2179 quae
335 2102 367 2160 in
396 2103 489 2164 latere
518 2107 563 2163 est
591 2105 647 2164 sub
675 2124 804 2184 armum,
835 2107 948 2180 putant
977 2127 1013 2171 se
1038 2130 1120 2190 posse

103 2191 281 2252 febrientem
309 2190 497 2270 intellegere,
527 2212 615 2253 verae
645 2193 772 2253 rationis
801 2193 900 2272 ignari
930 2201 1020 2278 sunt,
1052 2200 1120 2278 quis

103 2299 157 2341 neo
176 2279 339 2341 ostendunt
356 2299 387 2340 se
406 2281 442 2341 de
460 2281 544 2341 venis
562 2282 736 2360 intellegere
753 2281 938 2343 febrientem.
971 2286 1004 2345 ei
1022 2291 1120 2349 tamen

104 2369 157 2446 qui
180 2369 216 2428 de
239 2369 341 2429 labore
363 2371 412 2431 vel
435 2369 470 2429 de
495 2373 635 2446 ostoeopo
659 2371 832 2446 supradicta
859 2371 947 2451 signa
969 2374 1143 2452 habuerit!

102 2459 281 2536 sanguinem
303 2458 458 2518 detrahere
481 2458 666 2519 eontrarium
687 2462 745 2537 est,
774 2459 847 2536 quia
869 2462 901 2520 et
922 2461 1030 2525 labore
1052 2466 1117 2527 fafi-

102 2550 192 2626 gatus
220 2550 252 2606 et
278 2547 434 2625 sanguinis
462 2547 619 2608 emissione
649 2547 812 2608 exhaustus
843 2548 905 2608 sine
932 2550 1053 2614 viribus
1077 2554 1116 2613 lit

101 2635 278 2695 febrientem
309 2635 507 2696 utilissimum
536 2639 581 2696 est
611 2636 804 2716 sanguinare,
837 2637 910 2714 quia
941 2643 974 2699 et
1004 2642 1117 2704 leviora

102 2725 194 2784 sentit
220 2724 351 2799 suspiria
378 2727 409 2783 et
435 2744 529 2784 venae
558 2724 637 2783 ferro
667 2725 819 2786 relaxatae
848 2726 1002 2802 recipiunt
1030 2732 1117 2792 eitius

101 2813 270 2874 sanitatem.
1123 2830 1144 2872 s

60 2911 89 2965 lt
166 2904 215 2964 Ad
236 2902 350 2963 febrem
373 2901 546 2962 interiorem
568 2900 799 2962 discutiendam:
827 2903 980 2964 traeanthi
1002 2901 1116 2987 <->,

100 2992 229 3053 hermini
261 2991 382 3052 seminia
409 3021 448 3045 .-
472 2990 515 3069 11,
547 2989 708 3066 rossyriaoi
739 2991 847 3067 optimi
868 3023 905 3033 -
927 2992 971 3072 II,
1004 2996 1116 3074 piperis

170 3165 186 3212 1
201 3160 356 3229 plerunque
369 3163 379 3231 {l
395 3166 428 3216 10
441 3158 615 3230 prebendam
631 3160 636 3228 Ι
653 3158 697 3212 die
712 3158 933 3242 dadeambuletfl
948 3167 980 3216 11
993 3165 1112 3237 callido!

100 3230 276 3299 oportunitas
293 3233 304 3298 fl
325 3237 358 3284 14
377 3233 494 3301 prebere
514 3233 519 3298 Ι
539 3231 694 3299 plerunque
716 3232 726 3297 n
747 3236 779 3285 16
806 3230 978 3300 ᾱίωιεειιιιιΙ
999 3240 1032 3292 17
1052 3254 1113 3306 pro·

100 3302 166 3356 beto
184 3301 194 3369 11
215 3308 246 3355 19
270 3301 425 3370 plerunque
449 3307 454 3368 Ι
469 3302 566 3356 tristes
579 3303 590 3369 ΙΙ
603 3305 638 3354 10
652 3299 745 3354 febres
758 3303 768 3370 l
787 3307 819 3355 11
840 3303 949 3356 taetum
963 3306 973 3375 Ι]
986 3311 1022 3360 11
1036 3324 1092 3376 que
1102 3306 1112 3379 ss

99 3377 133 3427 13
147 3370 308 3441 intelligere
323 3373 411 3440 neret
425 3379 460 3428 14
479 3372 570 3442 aeriis,
589 3376 622 3426 at
638 3372 724 3438 faerit
741 3374 774 3425 ie
796 3373 944 3454 archetypo
966 3376 1043 3432 ueris
1054 3382 1066 3448 Ι
1078 3382 1112 3433 11

98 3444 223 3498 relaxate
242 3444 252 3513 l
271 3448 303 3497 31
323 3440 526 3513 τραγακάνθης
544 3450 578 3510 γῡ
597 3442 665 3510 μίαν
684 3443 783 3511 111131
801 3443 948 3497 herminiis
969 3462 1066 3503 semen
