2310 3876
504 165 546 174 κ-
593 129 657 196 1se
703 167 745 176 -

123 303 184 341 cam
203 285 296 340 tisiaii
312 286 432 340 sestario
450 289 476 340 et
494 285 546 340 clei
563 286 669 356 cyathis
687 287 793 341 ductas
806 303 859 356 per
877 287 1012 357 triduam,
1028 292 1113 358 qaam

123 358 168 410 die
192 356 364 424 intermittas,
383 355 409 409 V
423 360 498 423 47,7
522 357 631 411 herbam
653 357 830 413 Artemisiam
860 364 972 414 tamsam
994 376 1052 415 ema
1071 360 1113 416 olm

125 433 152 481 et
168 428 273 481 modico
291 427 389 481 lisicia
406 427 486 481 dabis
504 428 541 480 aa
559 443 653 482 corma.

191 497 248 551 666
267 497 302 551 H
317 502 369 551 277
388 497 454 551 isto
472 496 648 567 προπότισμα
671 498 741 567 πρὸς
759 499 959 568 ληθαργικούς.
987 501 1039 570 πρὸ
1055 497 1109 553 τιοὶν-

120 587 175 621 των
193 568 258 630 τοὺς
276 569 466 637 ληθαργικοὺς
482 571 592 637 κριθῶν
611 566 769 638 ἀπέχεσθαι
786 571 863 624 ποίει
882 574 938 625 κτλ.
968 571 1005 625 Μ
1017 576 1062 626 109
1070 566 1107 639 σμ’

121 637 188 693 ἄλλο
215 639 392 709 προτότισμα
419 658 465 708 τερ.
489 642 553 708 lepti.
600 638 707 708 Veg.V
729 645 778 708 47,
798 648 821 696 7.
845 646 870 696 8.
902 656 1000 697 omnes
1031 639 1106 710 Optat

120 726 223 766 nomen
246 713 278 764 ut
296 726 380 780 supra
397 709 473 764 Flori
491 712 595 766 tacent.

193 781 288 835 acori
301 780 452 862 Pontici]
467 782 611 850 vulgatam
625 781 759 846 aframitri
767 780 868 850 Veget.
882 781 910 836 V
922 787 967 852 47,
982 788 998 837 6
1017 781 1106 837 Schnei-

123 850 206 906 derus
229 868 262 905 ex
284 853 319 906 H
341 857 461 906 correx1t
488 851 517 906 in
540 851 600 906 rhei
623 850 748 918 Pontici,
776 853 826 906 sed
856 855 932 908 recte
956 851 1105 909 corbeiensis

121 924 199 977 acori
223 922 349 990 Pontici,
371 923 446 976 idem
474 921 605 992 deinceps
633 923 735 977 calami
756 922 891 993 Syriatici
912 941 976 980 amc.
991 925 1049 978 III
1060 938 1105 976 cun

120 989 250 1048 Gothano
270 993 407 1063 (καλάμου
426 994 603 1063 ἀρωματικοῦ
622 992 673 1062 Η).

192 1064 306 1132 spicae
324 1063 425 1117 nardi
443 1064 582 1118 Indicae
600 1061 654 1135 (—
665 1062 727 1145 V>]
745 1062 851 1118 omittit
868 1064 909 1119 H.
936 1064 1032 1120 uncias
1045 1062 1104 1133 qnin-

120 1150 175 1200 que
193 1132 276 1202 posui
294 1135 408 1202 propter
426 1133 526 1202 quinas
544 1134 646 1188 calami
665 1132 797 1204 Syriatici
819 1135 849 1188 et
874 1135 1003 1206 capparis
1024 1131 1105 1190 radicis

123 1204 232 1267 unciam
251 1205 326 1272 apud
345 1204 496 1272 Vegetium
513 1205 599 1271 vulgo
618 1203 702 1260 binae
721 1210 792 1260 sunt

192 1274 382 1344 diligentia
400 1274 576 1346 elimetur]
596 1274 630 1330 cf.
646 1291 731 1344 supra
749 1280 784 1329 64
805 1291 889 1344 asama
908 1293 969 1332 cam
986 1277 1058 1333 dolor
1072 1273 1106 1329 eli

118 1349 221 1413 metar;
243 1345 311 1414 Veg.
335 1347 445 1401 assistas
471 1347 577 1415 [tapetio
601 1347 778 1402 excitandam
805 1353 954 1416 actaeae,
976 1347 1107 1404 ataitism

118 1416 215 1470 timore
232 1417 358 1486 deposcat.

191 1486 256 1556 Gap.
277 1487 401 1541 XXVIII.
438 1488 555 1542 Lemma
573 1504 607 1542 ex
626 1487 751 1557 capitum
768 1486 861 1542 indice
880 1486 1000 1557 explevi.

189 1559 246 1613 666
256 1560 286 1612 H
300 1564 351 1613 278
366 1558 432 1613 emo
449 1556 625 1628 προπότισμα
638 1557 724 1612 παντὶ
738 1563 826 1629 καιρῷ
840 1558 1007 1628 ἀναγκαῖον.
1031 1558 1108 1628 §acme

117 1629 331 1718 κατασκευάσας
348 1629 406 1684 ἀπὸ
425 1637 480 1683 τῶν
498 1627 728 1699 ὑποτεταγμένων
748 1626 840 1697 εἰδῶν,
860 1625 1004 1710 iniciari
1016 1628 1110 1714 recimer

119 1699 1115 1841 ‘zt⁰t²ittititzmliiii,iiietltttttitiittiiti

119 1843 232 1908 σχοίνου
248 1841 428 1913 προσβάλλων
445 1840 494 1895 καὶ
511 1840 620 1896 σέλινον
634 1840 683 1895 καὶ
699 1842 865 1911 μελίκρατον
885 1846 992 1912 μᾶλλον
1007 1843 1115 1912 εὑρίσκον
1150 1860 1153 1907 ;

117 1915 189 1964 σθαι
207 1911 256 1965 καὶ
275 1911 362 1974 οὕτως
379 1911 540 1980 κοχλιάριον
559 1911 590 1965 α’
610 1921 660 1966 τοῦ
678 1913 775 1981 ξηρίον
795 1912 887 1984 βαλὼν
912 1913 1060 1982 τιροτιότιζε
1078 1907 1115 1967 im
1151 1975 1153 1985 Ι

118 1979 224 2050 ἡμέρας
237 1982 266 2050 μ’
277 1986 333 2036 κτλ.
358 1987 401 2037 est
412 1981 505 2051 pulvis
520 1982 694 2051 todiapentc‚
704 1982 739 2038 cf.
751 1999 835 2052 supra
845 1988 869 2038 6.
894 1983 964 2053 Veg.
979 1985 1016 2039 VI
1026 1990 1049 2052 8,
1059 1989 1074 2038 8
1083 2000 1116 2052 sq.
1149 2050 1152 2055 Ι

119 2052 247 2120 diapente
268 2058 307 2106 est
324 2059 356 2107 at
373 2069 461 2122 sapsa
478 2053 622 2108 retulimus
641 2053 664 2123 (I
680 2059 726 2121 10,
741 2059 765 2122 6,
793 2052 820 2106 ll
833 2059 880 2122 66,
897 2055 923 2124 1)
945 2057 1118 2112 neceesarium

114 2121 248 2187 piurimis
270 2124 361 2178 caseis
384 2139 418 2178 ac
441 2124 543 2178 morbis
561 2141 584 2177 e.
599 2141 626 2192 q.
642 2141 663 2180 s.
687 2140 775 2193 usque
798 2125 870 2179 idem
887 2126 985 2195 palcis
1006 2128 1033 2183 si
1053 2127 1119 2182 altra

118 2192 300 2247 cochlearium
326 2209 387 2248 cam
413 2195 535 2249 sextario
557 2196 618 2248 sissi
644 2196 740 2250 ceteris
766 2201 792 2250 et
820 2196 874 2250 alei
894 2197 997 2252 viridis
1020 2199 1119 2253 hemina

122 2263 220 2332 detor,
238 2265 344 2319 animat
361 2283 379 2319 a
401 2266 566 2334 quibuslibet
587 2267 696 2321 camnis
718 2266 760 2321 cel
781 2271 937 2334 serpemtmm
960 2275 1013 2324 cat
1035 2269 1121 2325 eata

118 2333 209 2388 laram
226 2336 360 2391 moesicae
379 2337 484 2393 alterat.
512 2336 628 2404 excidit,
652 2338 684 2390 ut
703 2352 737 2390 cx
755 2337 783 2391 B
801 2339 872 2404 (mac
887 2377 915 2392 ..
939 2339 988 2393 vel
1010 2357 1073 2412 maa
1085 2379 1092 2394 .
1106 2341 1120 2406 .)

117 2407 146 2460 et
165 2407 202 2459 M
218 2406 278 2477 (καὶ
295 2415 351 2478 χρῶ
371 2407 407 2470 ὡς
425 2405 673 2480 μεγαλοφνεστάτῳ
697 2406 870 2480 βοηθήματι)
892 2407 1028 2478 efficitur,
1051 2411 1121 2466 clau·

116 2476 179 2531 sula
197 2495 269 2545 quae
288 2479 362 2535 solet
379 2496 439 2533 esse
458 2480 635 2535 certissimam
652 2485 691 2534 est
708 2480 862 2533 sementiam.
892 2477 1022 2548 cogitare
1039 2481 1122 2550 possis

114 2550 291 2619 maomistcam
308 2555 347 2605 est
359 2539 591 2617 msedicamemtaie,
610 2565 673 2604 cum
686 2550 804 2618 quartae
817 2547 932 2604 litterae
945 2549 959 2602 I
976 2553 1122 2623 vestigium

114 2618 144 2670 in
163 2618 259 2673 codice
278 2624 420 2689 appareat.

185 2689 241 2743 667
270 2690 305 2744 H
320 2695 372 2744 278
399 2690 575 2761 προπότισμα
600 2691 631 2744 τὸ
655 2689 734 2760 παρὰ
755 2688 900 2760 Ῥωμαίοις
924 2693 1122 2764 academicam

115 2758 297 2827 καλούμενον.
330 2759 531 2830 τραγακάνθης
548 2770 582 2830 μδ
601 2757 631 2815 α’
651 2765 707 2818 set.
742 2763 779 2815 M
798 2767 847 2816 109
867 2757 927 2818 σε’.

187 2829 325 2900 cymini]
345 2829 443 2898 scripsi
462 2847 511 2899 pro
533 2832 682 2901 (imormimi,
700 2850 764 2887 cum
777 2833 915 2903 cyminum
929 2833 1030 2890 redeat
1047 2834 1078 2889 in
1090 2832 1121 2888 iis

116 2915 187 2966 quae
206 2902 338 2954 secuntur
355 2898 525 2969 potionibus.
556 2902 694 2971 interpres
712 2902 816 2958 omisit.

186 2971 333 3042 murrae]
354 2971 483 3038 hocloco
497 2972 587 3026 omitt.
602 2973 641 3041 H,
656 2974 705 3028 sed
718 2975 792 3028 infra
805 2972 903 3029 inserit
917 2973 1121 3044 morosissime.

184 3039 277 3112 folii]
297 3041 315 3096 i.
331 3058 354 3095 e.
374 3042 545 3097 malabathri
569 3042 707 3111 (Dioscor.
721 3044 734 3097 Ι
750 3050 792 3098 11.
829 3045 905 3100 Cass.
925 3046 1023 3110 Felix,
1041 3046 1121 3101 index

115 3110 194 3165 Rosii
213 3131 239 3180 p.
255 3117 315 3168 236.
347 3113 446 3168 Isidos.
461 3112 553 3182 Etym.
568 3114 646 3169 XVII
661 3121 686 3182 9,
700 3116 737 3182 2).
774 3117 843 3169 nol-a
859 3117 957 3169 tamen
975 3115 1052 3172 infra
1072 3122 1120 3172 669

115 3182 145 3233 et
169 3183 268 3265 folium
296 3186 325 3239 et
351 3185 559 3239 malobathrum
585 3185 615 3238 in
643 3185 742 3239 eadem
770 3183 974 3254 compositione
1002 3202 1120 3243 comme·

112 3268 223 3308 moram.

185 3326 337 3379 sertulae
370 3325 572 3398 Campanae]
604 3324 662 3382 sive
694 3332 781 3382 sertae
813 3325 970 3397 Campanae
996 3327 1119 3397 (μελιλώ-

107 3413 162 3448 7τοο
181 3396 230 3466 Η),
267 3396 337 3450 Plin.
357 3397 422 3450 XXI
436 3402 469 3452 63
488 3398 634 3454 oseiiiotam
651 3398 724 3467 qaod
741 3399 871 3453 certatam
891 3397 1061 3468 Campanam
1073 3414 1117 3454 aa·

112 3482 212 3522 comas.
249 3466 374 3522 Dioscor.
389 3467 486 3524 11141.
