2348 3878
460 128 679 192 „63-

58 289 258 350 adseveravit.
300 309 371 349 nam
394 290 468 349 dicit
490 290 636 366 cooperiri
654 290 759 351 debere
779 311 891 368 equum
910 291 1077 372 diligenter,

56 381 103 439 ita
126 381 278 455 utusque
298 380 337 438 ad
354 381 467 438 terram
484 380 671 455 coopertoria
690 381 896 459 demittantur,
919 401 956 441 ne
975 383 1077 441 fumus

56 468 269 545 thymiamatis
299 469 397 545 exeat,
431 470 461 526 et
493 468 534 527 sic
565 470 699 527 castoreo
729 468 906 530 carbonibus
936 471 1077 546 imposito

59 576 181 617 omnem
209 558 345 615 ventrem
374 559 405 615 et
433 558 525 615 testes
555 557 651 632 ipsius
684 557 754 632 equi
784 558 939 637 fumigari:
973 559 1077 618 statim

31 646 160 706 bmeiat.
199 645 340 720 prodesse
357 648 459 704 tamen
478 646 538 703 mel
557 648 675 704 coctum
694 645 807 704 salibus
825 647 912 724 iungi
931 650 961 706 ct
979 649 1076 707 facere

56 734 172 812 pilulas
194 733 227 791 in
249 734 373 793 modum
395 733 445 794 ovi
463 736 494 792 et
512 733 544 791 in
567 753 624 793 ano
643 754 760 809 ponere.
798 735 854 794 hoc
877 735 969 794 etiam
989 736 1076 811 prod-

57 826 106 883 est
129 823 182 901 eis,
205 822 259 898 qui
282 822 439 898 stropham
462 823 630 897 patiuntur.

126 911 204 970 Sane
231 910 327 986 ipsius
354 911 502 986 passionis
530 930 640 988 genera
668 914 739 970 sunt
766 912 837 970 tria:
867 931 963 970 unum
995 912 1142 987 quodlsa

57 999 171 1059 dicitur
189 999 321 1077 dysuria,
345 999 465 1074 quando
484 999 601 1058 tardius
619 1001 719 1077 meiat,
744 1001 873 1060 alterum
894 1001 1074 1079 stranguria,

18 1101 43 1139 1⁰
58 1088 180 1165 quando
204 1107 274 1146 cum
297 1088 398 1148 dolore
417 1090 448 1147 et
466 1086 644 1147 difficultate
663 1090 763 1167 meiat,
786 1089 911 1149 tertium
934 1089 1075 1168 isohuria,

58 1177 180 1254 quando
204 1176 324 1236 omuino
347 1196 408 1237 non
430 1176 530 1254 meiat,
555 1178 636 1252 quod
658 1198 717 1238 non
741 1178 829 1238 facile
852 1181 983 1238 curatur.
1027 1179 1076 1238 cui

57 1266 152 1325 etiam
173 1285 229 1342 pro
253 1265 411 1342 diligentia
433 1267 464 1324 et
486 1285 540 1341 pro
564 1285 664 1326 amore
688 1286 834 1342 equorum
856 1267 1022 1326 remedium
1045 1270 1076 1326 et

57 1354 190 1414 medelas
213 1373 323 1431 negare
346 1373 407 1413 non
430 1352 531 1431 debeS,
560 1355 611 1412 sed
639 1355 743 1414 calidis
765 1356 854 1414 rebus
876 1356 937 1433 uti,
967 1356 1013 1414 ita
1039 1359 1076 1414 nt

59 1443 202 1520 spongias
226 1442 339 1501 calidas
361 1442 435 1502 locis
458 1443 597 1501 omnibns
625 1443 814 1501 naturalibus
843 1444 1015 1521 admoveaS,
1046 1447 1076 1502 et

22 1542 44 1582 1⁵
57 1532 197 1608 potiones
233 1525 407 1606 frequenter
437 1532 526 1589 melle
559 1533 589 1589 et
621 1549 709 1606 passo
741 1532 842 1589 mixtis
876 1550 944 1590 cum
977 1550 1074 1607 aquae

56 1620 173 1680 calidae
197 1620 334 1678 sextariis
363 1639 456 1695 prope
487 1618 604 1678 duobus
633 1639 687 1694 per
717 1619 869 1678 sinistram
898 1638 1002 1678 narem
1031 1619 1075 1677 in·

55 1709 191 1768 fundere.
228 1707 303 1767 facit
322 1708 414 1767 etiam
432 1708 491 1783 ipsi
509 1707 642 1784 passioni
661 1710 692 1766 et
709 1708 831 1784 prodest
850 1726 938 1785 aqua,
961 1708 993 1765 in
1015 1726 1076 1782 qua

54 1798 144 1857 betae
164 1799 221 1856 aut
237 1796 355 1856 malvae
373 1797 488 1855 fuerint
506 1797 653 1874 decoctae,
678 1815 746 1855 cum
764 1797 852 1856 melle
872 1798 951 1854 data.
994 1796 1074 1855 cibos

55 1886 168 1946 urides
192 1885 262 1944 dare
287 1885 368 1960 quod
391 1885 417 1943 si
439 1887 558 1961 tempus
586 1906 645 1945 non
668 1885 814 1963 patietur,
843 1886 967 1945 faenum
989 1885 1073 1944 meli-

22 1977 140 2034 ”crato
164 1992 322 2051 aspergere
346 1976 377 2032 et
399 1973 435 2032 de
457 1974 567 2034 hordeo
590 1975 720 2032 tisanam
739 1994 808 2033 cum
826 1975 980 2033 meliorato
1004 1973 1074 2033 dare

55 2063 255 2122 utilissimum
278 2064 330 2121 est.
376 2062 423 2120 his
446 2065 549 2121 autem
570 2063 659 2121 rebus
687 2063 830 2139 praebitis
859 2083 945 2124 omne
967 2063 1074 2121 intrin-

56 2170 142 2211 secus
165 2151 294 2228 malum,
323 2151 404 2226 quod
427 2169 462 2209 ex
485 2151 599 2209 acerbis
621 2151 776 2210 umoribus
799 2153 945 2230 nascitur,
975 2153 1074 2211 dulce·

56 2241 124 2300 dinc
148 2240 216 2317 ipsa
238 2239 336 2298 mellis
364 2239 413 2298 vel
441 2239 571 2297 aliarum
597 2258 698 2299 rerum
729 2240 873 2299 similium
900 2240 1075 2300 dissolvitur

58 2332 152 2406 atque
175 2330 308 2387 curatur.

25 2425 45 2465 ²⁵
123 2417 204 2476 Item
231 2416 270 2474 ad
295 2434 345 2476 eos
368 2411 443 2491 <qui
468 2436 528 2475 non
553 2411 697 2493 meiant>,
721 2416 848 2475 Emeriti
872 2416 1072 2476 mulomedici.
1085 2426 1140 2481 153

55 2505 258 2566 rosmarinum
277 2504 408 2580 decoque
427 2505 511 2563 etde
531 2505 628 2564 calida
646 2506 713 2580 ipsa
732 2507 823 2563 testes
841 2505 950 2563 foveto.
994 2506 1074 2580 quod

57 2595 81 2652 si
99 2594 219 2654 tardius
238 2592 402 2669 meiaverit,
422 2593 556 2652 cimicem
575 2593 678 2654 vivum
696 2593 728 2650 in
748 2613 851 2653 aurem
870 2593 940 2668 equi
958 2593 1074 2652 mittito

58 2687 88 2741 ct
109 2683 242 2742 alterurn
265 2699 357 2757 supra
378 2684 528 2758 naturam,
553 2701 613 2757 qua
636 2683 736 2759 meiat,
761 2683 931 2742 confricato.
973 2683 1074 2741 certis-

60 2771 170 2830 simum
192 2770 358 2829 remedium
381 2772 434 2828 est.

28 2863 49 2904 ⁸⁰
121 2860 202 2919 Item
224 2859 263 2917 ad
286 2877 335 2918 eos
360 2859 412 2933 qui
435 2859 552 2917 tardius
574 2860 694 2918 meiant.
741 2879 844 2935 porros
872 2861 1018 2933 decoquas
1042 2861 1141 2923 et154

61 2965 163 3008 sucum
192 2967 297 3007 eorum
324 2946 464 3023 exprimis
494 2947 532 3005 ad
562 2949 724 3006 sextarium
754 2951 784 3006 et
811 2947 981 3007 commisces
1009 2947 1072 3004 vini

61 3037 166 3096 veteris
195 3039 225 3096 et
252 3035 311 3095 olei
339 3035 531 3094 acetabulum
558 3038 589 3095 et
616 3036 700 3094 dabis
727 3056 781 3111 per
807 3054 910 3093 narem
937 3034 1072 3093 dextram

10 3150 12 3203 ;
64 3127 90 3182 et
110 3124 290 3184 deambulet.
335 3126 392 3183 hoc
414 3124 506 3183 facies
529 3124 639 3201 triduo,
662 3127 698 3182 ut
720 3124 817 3201 magis
841 3141 931 3182 sanus
955 3122 1001 3181 sit.

10 3288 13 3301 ¹
130 3282 266 3345 lequum
283 3277 397 3343 scripsi:
416 3279 450 3329 cd
477 3277 487 3344 l
514 3274 730 3328 adimittantur
756 3276 766 3344 11
794 3281 809 3328 3
834 3277 963 3330 castorea
988 3279 992 3346 Ι
1021 3275 1073 3329 im·

67 3346 152 3411 positu
169 3348 179 3416 Ι
197 3351 213 3400 ‘1
233 3345 273 3400 eis
291 3347 405 3415 scripsi:
423 3350 453 3400 et
468 3349 473 3413 Ι
489 3345 606 3400 strofum
625 3348 634 3412 ΙΙ
655 3351 686 3398 13
705 3344 840 3399 medellas
857 3349 860 3411 Ι
877 3345 988 3400 callidis
1006 3347 1015 3415 ΙΙ
1040 3351 1073 3398 14

69 3415 199 3499 callidas]
212 3422 246 3472 15
261 3416 351 3472 mistis
367 3418 372 3487 Ι
389 3416 507 3471 callidae
521 3419 530 3485 u
546 3422 578 3470 18
589 3417 704 3471 decocto
717 3419 727 3485 fl
742 3422 774 3470 19
785 3417 850 3472 fens
865 3418 874 3485 ΙΙ
888 3416 1078 3484 conspergat

70 3487 97 3539 ll
114 3486 231 3557 prebrtis
243 3491 254 3558 l
266 3492 301 3543 22
320 3488 428 3542 aceruis
441 3488 451 3556 l
465 3493 500 3541 26
519 3485 624 3542 callida
636 3489 648 3560 ll
660 3492 695 3542 ‘lt
713 3490 894 3557 saturabat
909 3487 1009 3538 ueteri
