2348 3878
359 106 703 171 .-194-

82 266 131 337 ἴσῳ
150 267 274 334 σταθμῷ.
304 261 508 330 subiunguntur
526 263 583 318 alia
600 262 631 316 in
648 263 676 318 R
693 280 749 317 non
774 263 917 332 extantia,
935 263 999 319 vide
1014 264 1074 318 inira

81 336 151 401 frag.
166 339 227 388 489.
261 333 289 386 Ρ
304 331 434 386 inscribit
452 333 522 403 πρὸς
544 335 693 404 σίμβλωσιν
716 332 911 403 ὁδοιπορικόν,
932 335 970 388 Μ
981 341 1014 390 66
1026 335 1072 404 κη’

81 403 215 477 βοήθημα
242 403 312 472 πρὸς
344 404 492 476 σίμβλωσιν
525 403 706 473 ὁδοιπορικὸν
738 402 885 459 κάλλιστον
916 405 992 460 πάνυ
1021 403 1075 476 χρή-

80 493 107 530 σι
144 495 169 531 ν.

108 495 277 600 ‘homelias
297 545 350 616 ab]
374 543 464 600 Servii
488 561 587 600 comm.
607 543 637 599 in
660 543 762 601 Donat.
775 545 815 600 IV
828 563 856 616 p.
871 551 938 614 433,
953 552 987 602 18
1004 546 1074 617 (Keil)

80 619 191 688 ηκακάο
214 617 276 672 dico
302 616 419 671 ‘doctior
441 615 500 670 ilio’
525 623 550 671 it
575 615 691 672 ‘doctior
716 617 751 672 ab
773 617 832 671 iilo’
858 633 888 672 re
909 634 976 674 aera
999 619 1074 673 eadem

79 689 221 745 invenitur
238 688 361 744 elocutio.
395 687 430 741 dc
444 686 498 740 hac
512 688 652 741 structura
671 685 705 742 cf.
720 688 832 756 praeter
846 685 919 744 alios
933 687 1074 745 Woelffliui

80 759 191 815 Archiv.
207 758 245 812 VI
259 776 286 826 p.
307 762 372 823 448,
402 756 513 812 Bonnot
537 756 575 811 Lo
602 755 687 811 Latin
713 759 749 812 do
776 757 913 828 Gregoire
940 759 977 815 de
1000 759 1074 816 'Poura

79 831 169 899 (Paris
190 832 270 899 1890)
288 847 315 898 p.
331 833 391 893 697,
412 827 460 895 qui
479 826 608 896 exempla
627 827 802 898 Gregoriana
819 829 986 899 composuit.

149 899 206 956 428
225 900 259 953 H
275 905 309 953 44
335 897 470 971 βοήθημα
493 895 533 960 εἰς
557 897 589 951 τὸ
613 897 690 952 αότό.
728 899 808 954 οἴνου
828 897 970 969 Ἀμιυαίου
993 898 1075 968 ξέστας

78 977 160 1040 τρεῖς,
179 970 267 1041 γάρου
286 969 396 1031 ἀνθους
415 966 513 1036 ξέστην
533 966 592 1036 ἕνα,
611 966 719 1038 μέλιτος
741 979 774 1038 μῦ
792 976 878 1039 τρεῖς,
897 971 992 1025 πάντα
1009 990 1075 1026 συνε-

79 1041 174 1110 ψήσας
192 1049 255 1112 χρῶ.
295 1041 333 1094 M
350 1047 384 1094 66
408 1035 467 1093 ουδ’
491 1037 626 1164 βρήθημα
648 1039 718 1108 πρὸς
739 1041 927 1121 μλαυκώματα
949 1041 1011 1109 ἤτοι
1026 1046 1075 1097 λεν

81 1114 206 1181 κάματα.
246 1110 316 1179 Veg.
331 1109 427 1177 11122,
442 1114 467 1166 3.
521 1111 591 1178 128,
607 1115 648 1178 10,
667 1112 729 1165 loco
747 1127 841 1181 pnorc
864 1113 1001 1170 sextarios
1022 1119 1075 1180 ores,

78 1181 233 1251 posteriorc
253 1182 385 1248 quattuor
402 1179 562 1249 propinans.
590 1180 625 1236 cf.
639 1186 700 1236 467.

148 1252 206 1306 429
230 1253 268 1305 M
285 1255 319 1305 66
341 1250 400 1308 υις’
420 1249 490 1319 πρὸς
509 1249 674 1336 ὀφθαλμίαν
693 1249 853 1322 ἀρχομένην
877 1253 1012 1310 omittens
1029 1269 1075 1309 oro·

78 1321 463 1462 cum.43{affl13223kllsspbg
477 1392 628 1462 ὀφθαλμὸν
642 1392 835 1464 κατάπλασμα,
851 1394 959 1450 addens
974 1395 1076 1470 λιβάνου

78 1463 197 1533 ἀλεύρου
216 1473 248 1534 μῦ
267 1463 306 1532 δ’,
326 1462 407 1529 ὄξους
424 1463 455 1516 τὸ
475 1464 590 1533 ἀρκοῦν.

150 1536 206 1590 431
226 1534 283 1589 432
303 1535 337 1588 Η
353 1539 387 1588 50
407 1532 450 1588 ἰὸν
469 1533 518 1588 καὶ
536 1533 605 1596 ἀλας
624 1528 655 1588 έν
675 1534 724 1607 ἴσῳ
747 1538 864 1608 σταθμῷ
886 1537 982 1610 λαβὼν
1004 1557 1025 1592 π
1041 1535 1078 1592 όσ-

77 1608 158 1676 μιξον
173 1606 254 1672 ὄξους
275 1605 307 1659 τὸ
326 1606 441 1675 ἀρκοῦν,
461 1600 555 1659 ἐλαίου
574 1614 606 1675 μῦ
625 1605 665 1672 α’,
686 1604 857 1676 (ἀλκυονίου
872 1617 905 1676 μῦ
921 1605 967 1676 α’,
986 1558 1077 1678 κρόκον

78 1687 112 1747 μῦ
132 1677 167 1745 τ’,
186 1674 329 1747 πεπέρεως
346 1680 446 1731 λευκοῦ
464 1686 497 1745 φο
516 1674 578 1746 α’,>
600 1673 742 1745 πεπέρεως
765 1686 873 1747 μακροῦ
892 1687 926 1747 μῦ
944 1680 988 1747 α’,
1008 1676 1079 1752 βοιύ-

77 1767 127 1817 νης
146 1750 262 1819 σαβίνης
280 1746 342 1814 ἤτοι
357 1746 484 1818 βράθυος
501 1757 534 1815 μῦ
553 1745 594 1814 α’,
613 1745 730 1819 λιβύνου
749 1746 868 1817 ἀλεύρου
891 1758 925 1817 μῦ
944 1749 986 1817 α’,
1005 1748 1079 1820 σμύρπ

80 1838 131 1887 νης
149 1829 182 1887 μῦ
201 1819 242 1887 α’,
263 1816 366 1872 ἕκαστα
384 1825 472 1871 ταῦτα
491 1817 605 1879 λειάσας
623 1816 672 1870 καὶ
691 1821 779 1890 λεπτῷ
797 1819 919 1891 κοσκίνῳ
934 1819 1020 1889 σήσας
1033 1827 1079 1890 χρῦ

76 1889 146 1958 μετὰ
173 1888 281 1959 μέλιτος
309 1890 428 1956 ούγκιῶν
457 1886 495 1953 ἕξ.
532 1889 662 1942 lacunam
690 1889 806 1956 explent
829 1889 903 1944 Pet
921 1891 960 1944 M
975 1898 1009 1947 67
1027 1888 1077 1958 κη’

78 1960 262 2030 (κολλούριον.
289 1958 402 2012 κάλλιον
426 1957 457 2013 δὲ
481 1958 569 2030 τούτῳ
592 1962 716 2028 χρῆσθαι
738 1965 776 2030 τῷ
799 1962 951 2034 κολλουρίῳ
975 1962 1012 2025 ὡς
1029 1962 1079 2017 ὀνκ

76 2029 276 2100 ἀληθεστάτῳ).
313 2033 364 2081 431
384 2029 471 2082 habet
488 2029 558 2097 Veg.
574 2029 613 2081 III
627 2035 669 2096 22,
685 2036 726 2083 13.

77 2170 116 2224 Μ
147 2099 257 2222 ύθθιθΗ
264 2102 298 2152 50
317 2093 367 2151 ἐὰν
383 2097 468 2168 σκύλη
482 2098 531 2152 τὸν
546 2099 696 2169 ὀφθαλμὸν
712 2101 796 2162 ἵππος
811 2100 862 2170 (ita
876 2102 948 2170 PM,
968 2102 1079 2171 011111).

133 2175 202 2223 67ν
243 2170 259 2223 ’.

147 2239 204 2294 464
227 2241 262 2294 H
277 2243 312 2293 60
334 2238 404 2309 πρὸς
426 2237 461 2292 τὰ
485 2233 515 2293 έν
539 2240 699 2310 ὀφθαλμοῖς
726 2241 926 2312 καρκινώματα
949 2244 1004 2314 (ita
1022 2242 1079 2308 PM,

76 2328 129 2366 om.
151 2310 203 2380 H).
240 2309 342 2384 ὀροβον
370 2308 571 2380 ἀληλεσμένον,
600 2309 694 2366 ἔλαιον
719 2307 834 2380 βόθυνον
862 2312 912 2366 καὶ
940 2314 998 2370 ὠὸν
1021 2313 1079 2385 μετὰ

78 2380 186 2452 μέλιτος
209 2380 329 2436 Ἀττικοῦ
357 2383 438 2450 μίξας
465 2382 496 2435 τὸ
524 2389 633 2452 τραῦμα
663 2379 762 2452 ἕνχριε.
805 2385 963 2439 accuratius
983 2387 1018 2440 H
1036 2389 1079 2441 205

73 2462 117 2520 (ιτ
138 2456 175 2507 M
193 2457 226 2507 67
245 2453 305 2517 ρκ’)
324 2451 390 2507 ἀλλο
409 2453 479 2523 πρὸς
497 2451 532 2505 τὰ
551 2448 581 2506 έν
601 2452 761 2522 ὀφθαλμοῖς
781 2454 991 2524 καρκινώματα.
1024 2453 1080 2527 ὀρύ-

77 2526 143 2595 βους
166 2522 368 2594 ἀληλεσμένονς
390 2523 460 2593 μετὰ
483 2518 577 2578 έλαίου
605 2520 720 2592 ῥοδίνου
743 2524 792 2578 καὶ
815 2525 870 2579 ὠοῦ
895 2525 1015 2599 ἔμβαλλε
1040 2524 1081 2581 καλ

77 2597 146 2664 μετὰ
171 2596 203 2649 τὸ
229 2599 417 2664 καθαρθῆναι
442 2593 474 2647 τὸ
499 2602 609 2664 τραῦμα
637 2592 726 2664 μέλιτι
753 2592 861 2649 Ἀττικῶ
888 2594 998 2666 ἕνχριε,
1021 2597 1080 2653 ὥστε

75 2663 302 2726 συνουλωθέντος
324 2673 374 2718 τοῦ
396 2665 554 2734 τραύματος
579 2663 709 2733 ἰαθῆναι.
742 2649 919 2737 ch.IiI22,
932 2674 965 2722 15
984 2670 1011 2724 ei
1027 2684 1080 2724 aera

74 2737 168 2790 οοαλκσ
198 2737 256 2790 icta
281 2736 404 2790 υκλκεκίε
430 2737 597 2792 insociabilis
627 2738 754 2792 redditae
785 2742 829 2802 et,
856 2744 889 2793 κλ
916 2738 1081 2795 mulomedici

74 2808 188 2873 dicuat,
216 2806 406 2861 conchremata
440 2805 506 2874 (leg.
529 2809 713 2874 caaoaomaia)
738 2808 845 2876 fecerit,
873 2825 908 2863 κε
932 2812 1081 2879 periculam

74 2878 169 2931 martie
194 2877 335 2942 incorrat,
365 2876 422 2930 arai
442 2877 574 2946 pollicem
605 2894 666 2933 cam
693 2878 750 2934 oleo
775 2894 852 2934 roseo
881 2885 906 2934 ei
934 2896 984 2936 ooo
1007 2879 1080 2936 εἰκκλ

73 2949 219 3033 immittitu
259 2964 319 3002 eam
342 2953 495 3018 parociam
529 2949 630 3004 υκλκκε
661 2949 761 3016 faerit,
793 2966 854 3004 cam
886 2952 963 3005 malie
995 2952 1080 3007 Aaioo

75 3026 260 3146 munfflM
275 3095 309 3144 67
328 3088 396 3143 υκα’
415 3087 485 3158 πρὸς
503 3089 703 3144 ἀπολεύκωσιν.
730 3089 822 3158 φύλλα
845 3099 943 3145 κισσοῦ
962 3088 1079 3161 μασησά-

75 3179 160 3228 μενος
177 3160 317 3228 πρύσπτυε
337 3159 409 3214 κατὰ
427 3167 476 3213 τοῦ
496 3159 646 3229 ὀφθαλμοῦ
662 3155 709 3213 ἐπὶ
722 3158 827 3229 ἡμέρας
841 3160 880 3229 γ’.
900 3161 995 3217 aimilc
1009 3163 1043 3217 H
1051 3166 1079 3214 44

74 3229 147 3298 πρὸς
165 3231 327 3300 λευκώματα
346 3230 478 3300 ἡμιόνων.
516 3231 551 3285 cf.
567 3231 747 3300 Veg.11120,
763 3236 779 3283 2
802 3234 858 3287 aiae
876 3233 959 3288 bacae
977 3234 1079 3290 hederae

75 3302 132 3355 aiae
150 3302 221 3366 folio
239 3304 387 3356 contraries
406 3307 430 3356 et
448 3317 543 3357 εκεκικ
561 3303 703 3370 exprimes.

148 3370 205 3424 436
223 3368 399 3440 ch.11122,
415 3378 430 3426 9
450 3373 541 3427 olbam
559 3373 633 3428 tollit
648 3373 674 3428 ει·
692 3388 726 3428 τω
745 3388 838 3428 amore
859 3374 902 3428 oet
921 3386 1079 3444 μετοκιεικσ

77 3441 205 3499 evenerit:
224 3442 396 3497 sandaracae
408 3445 507 3498 unciae
520 3443 565 3512 II,
583 3444 651 3498 coeio
664 3444 754 3514 copiae
768 3444 900 3501 cacabacii
913 3445 1014 3500 acciae
1026 3444 1044 3497 1
1049 3439 1076 3506 V,
