2310 3876
520 109 738 175 -86-

60 277 113 333 114
189 276 268 334 Item
298 274 482 334 medicamen
515 274 554 333 ad
580 274 669 350 pedes
702 273 856 334 subtritos.
902 276 978 351 picis

124 362 221 442 solih,
241 363 382 422 aluminis
402 363 493 441 solih,
512 362 637 422 hederae
660 363 734 421 folia
758 362 840 440 quod
863 365 978 424 sufficit

123 453 186 512 dito
210 452 310 512 omnia
333 452 423 512 simul
450 454 481 510 et
504 471 581 528 equo
605 451 754 510 laboranti
781 452 894 512 cotidie
918 454 979 528 ped

121 541 194 619 gito.
232 541 381 618 optimum
403 540 505 599 ferunt
527 540 784 598 medicamentum.

60 631 111 688 165
187 629 236 689 An
250 631 328 690 colla
342 629 539 707 deflagrantia
554 629 657 687 autad
671 628 862 706 suffragines:
883 649 979 708 axnng

120 739 204 779 cerae
228 719 292 798 lib,
313 718 454 778 aluminis
470 714 539 793 [—]
562 720 736 795 sextantem,
761 717 815 775 alii
837 720 976 794 capitula

120 808 252 868 contrita
275 809 365 867 simul
387 807 419 865 in
441 806 567 866 caccabo
591 807 807 882 decoquuntur.

60 897 111 954 116
187 896 236 957 Ad
260 897 448 972 orthocyllos.
487 895 646 970 orthocylli
671 899 750 971 sunt,
774 895 886 970 quibus
910 898 979 971 pedi

120 985 212 1060 pandi
244 984 358 1044 fuerint
387 986 551 1044 introrsum
583 986 687 1043 contra
717 986 855 1042 ventrem
880 987 979 1063 ungu]

121 1073 271 1150 axungiae
312 1072 362 1130 lib.
397 1073 445 1150 H,
486 1073 604 1131 malvae
643 1072 787 1131 erraticae
834 1071 884 1130 lib.
928 1093 979 1150 coq

119 1180 209 1236 posca
232 1163 263 1219 et
285 1160 433 1221 fomentas
457 1161 631 1220 diutissime.
656 1161 818 1238 axungiam
841 1162 951 1221 misces
975 1187 979 1219 ι

118 1248 290 1324 taplasmas

378 1480 473 1539 XVII.
510 1476 688 1538 PAPIANO
713 1476 788 1538 SVO
813 1478 883 1537 ΑΙΤ

352 1605 405 1663 Ad
432 1603 703 1681 opisthotonos,
731 1602 895 1678 Apsyrti.

60 1720 105 1776 167
184 1728 456 1808 Diligentissimnm
480 1727 660 1786 nutritorem
682 1746 829 1802 equorum
852 1712 923 1786 ante
954 1749 979 1787 o]

117 1817 227 1877 vitium
260 1820 291 1876 et
323 1817 400 1874 hanc
431 1815 637 1874 infirmitatem
669 1815 824 1875 observare
857 1819 979 1876 conveni

117 1907 197 1965 enim
226 1904 261 1963 de
292 1903 491 1978 opisthotonis
523 1905 621 1962 multa
648 1903 788 1962 dixerunt
814 1906 979 1964 nescientes

117 2013 153 2051 ex
175 1992 273 2051 causis
297 1990 483 2066 opisthotoni
506 1990 588 2069 fiant,
611 2011 665 2051 nec
688 1992 897 2069 intellegentes
921 1993 979 2072 sign

115 2079 231 2139 tudinis
265 2078 368 2154 qualia
391 2081 469 2137 sunt.
512 2080 594 2155 quod
624 2100 678 2140 nos
707 2081 804 2139 multo
831 2081 935 2141 labore
965 2084 979 2140 d

117 2167 204 2245 signa
225 2164 323 2226 morbi
344 2167 437 2227 huius
462 2169 631 2244 quaerendo
650 2169 827 2228 invenimus.
853 2189 931 2245 quae
952 2190 979 2230 st

116 2256 228 2316 collum
247 2257 403 2315 extensum
420 2259 466 2316 est
485 2277 538 2316 nec
556 2256 709 2318 incurvari
727 2260 834 2335 potest,
854 2262 948 2334 capnt
967 2281 979 2317 1

115 2345 195 2421 mile,
220 2364 306 2405 aures
329 2345 444 2424 rigidae
467 2365 521 2406 nec
538 2346 619 2405 flecti
640 2349 775 2424 possunt,
800 2347 880 2406 oculi
898 2348 979 2407 mino

115 2434 147 2493 in
173 2435 250 2495 facie
272 2435 321 2496 vel
344 2434 432 2512 pellis
463 2435 530 2511 ipsa
557 2437 642 2494 tensa
675 2437 705 2493 et
736 2434 846 2513 rigida,
880 2435 966 2494 labra

115 2524 229 2603 grauia²
252 2543 306 2583 nec
329 2524 444 2600 aperire
469 2542 501 2583 os
525 2526 579 2582 aut
603 2523 724 2582 oscitari
742 2527 849 2601 potest,
874 2524 926 2582 sed
949 2545 979 2583 nc

115 2616 170 2671 aut
193 2613 294 2671 cibum
316 2613 409 2670 sumit
432 2612 561 2673 civiliter
584 2614 614 2670 et
637 2611 733 2670 cauda
760 2612 855 2688 ipsius
883 2616 979 2671 erecta

114 2719 145 2759 se
168 2701 325 2759 incurvare
348 2703 449 2775 potest
472 2703 527 2758 ant
549 2700 585 2760 de
608 2700 702 2759 latere
725 2700 879 2778 inspicere,
903 2720 979 2778 gress

113 2789 176 2848 sine
204 2787 363 2864 disciplina
390 2788 488 2867 ponit,
517 2789 607 2865 pedes
634 2789 812 2865 posteriores
844 2789 979 2864 prioribu

112 2878 242 2956 imponit
264 2877 306 2938 sic
328 2880 365 2936 ut
391 2897 509 2955 ungnes
536 2878 634 2956 rigore
662 2878 726 2953 ipso
757 2878 870 2955 trahat,
899 2880 979 2954 prior

110 3025 324 3034 —.—...--—-—

184 3126 198 3173 1
217 3116 456 3188 1111ᾶί1αωί11οηῖ
475 3117 579 3172 hedera
593 3119 633 3188 111
653 3116 840 3186 defraglantia
853 3120 863 3187 11
884 3125 900 3172 6
919 3117 979 3173 allii

111 3190 169 3241 dne
187 3192 319 3259 κεφαλῶν
333 3190 448 3260 οὐγγίας
463 3188 491 3262 β’
502 3189 536 3242 Η
566 3186 709 3257 σκορόδων
718 3193 849 3258 κεφαλῶν
869 3190 979 3258 οὐγκιάς

111 3264 127 3313 8
159 3259 358 3330 horthogyllos
391 3258 544 3330 orthogylli
576 3262 586 3329 ΙΙ
618 3264 634 3312 9
666 3260 764 3346 pandi]
798 3260 896 3330 spandi
928 3261 956 3315 R

110 3347 231 3417 Soroba
252 3352 285 3401 14
303 3346 420 3417 Absyrti
438 3351 447 3419 ΙΙ
468 3353 500 3403 11
520 3347 726 3460 omnifflitpumriie
748 3351 757 3419 ss
782 3354 814 3403 18
841 3348 979 3419 intelligor

160 3471 210 3529 ant
228 3471 354 3545 oscitari]
375 3488 405 3528 os
429 3474 478 3527 ant
501 3472 545 3527 12²
587 3474 679 3540 (χρ-1111
694 3502 727 3512 -
742 3473 901 3529 Politiancs
