2348 3878
519 100 737 163 „62-

55 279 112 336 142
190 261 322 321 Curatur
349 265 451 322 autem
481 263 604 338 dysuria
631 263 680 321 vel
709 262 881 340 stranguria
911 263 965 321 sio:
997 264 1139 324 coliculo-

121 370 190 410 rum
212 352 372 411 fasciculos
395 370 464 410 cum
482 352 563 412 foliis
582 352 645 410 suis
664 351 803 428 decoque,
827 351 895 410 inde
914 352 1045 427 exprime
1063 352 1140 411 folia

122 441 153 498 et
183 441 296 519 proice,
330 443 360 500 et
392 460 501 519 aquae,
533 441 565 498 in
598 459 658 516 qua
690 440 811 499 coliculi
843 441 956 500 decocti
989 443 1072 518 sunt,
1107 441 1139 499 id

122 531 168 587 est
195 531 232 587 ut
257 529 369 589 habeat
395 548 476 604 aqua
503 529 569 604 ipsa
592 547 764 588 mensuram
791 529 926 606 sextarii,
958 529 1050 606 iunge
1073 530 1138 589 vini

120 617 273 676 heminam
301 621 331 678 et
358 618 417 677 olei
445 618 638 677 acetabulum
666 620 696 675 et
723 636 776 692 per
802 636 905 676 narem
929 618 1064 677 dextram
1089 637 1138 677 su·
1171 646 1174 649 ·

120 706 288 782 praecripta
311 707 435 765 infunde
459 709 490 764 et
512 705 684 764 deambulet
706 709 738 764 et
759 706 859 765 meiat.

54 801 111 858 143
187 795 264 854 Item
295 796 385 854 aliud.
433 794 618 853 absinthium
648 813 716 853 cum
745 795 815 854 vino
846 795 976 869 decoque
1007 794 1046 852 ad
1074 814 1139 854 sex-

121 883 234 942 tarium
256 904 316 944 non
339 884 462 960 plenum
486 885 516 942 et
538 886 574 942 ut
597 901 689 958 supra
710 902 764 958 per
786 902 889 942 narem
911 883 1055 941 infundis.

53 979 110 1036 144
188 972 289 1030 Aliud.
341 991 555 1049 opopanaeem,
590 973 738 1046 quantum
768 971 856 1048 digiti
887 972 1011 1031 minoris
1041 975 1138 1031 extre·

120 1060 212 1118 mitas
236 1063 289 1138 est,
313 1079 382 1119 cum
404 1061 483 1137 vino,
506 1063 543 1118 ut
566 1079 658 1136 supra
680 1062 734 1137 est,
758 1060 851 1118 dabis.
1153 1081 1173 1118 1·

54 1155 110 1213 145
188 1148 288 1206 Aliud.
325 1149 434 1207 radicis
457 1166 557 1208 semen
579 1151 657 1208 teres
680 1151 711 1207 et
735 1167 804 1207 cum
825 1149 895 1209 vino
920 1152 950 1207 et
975 1152 1012 1207 ut
1031 1167 1138 1225 supra·

122 1236 268 1312 scriptum
291 1240 337 1295 est
360 1237 452 1296 dabis.

52 1334 109 1390 146
185 1325 286 1384 Aliud.
320 1344 408 1402 cepas
426 1327 589 1404 longioreS,
610 1327 682 1402 qnia
700 1329 772 1384 sunt
789 1326 887 1403 magis
906 1327 1043 1404 acriores,
1065 1346 1138 1402 pur-

117 1413 204 1491 gabis
234 1417 265 1474 et
294 1416 462 1494 confringes
492 1416 612 1491 aliquas
642 1415 775 1491 quinque
806 1417 836 1472 et
862 1435 939 1490 pone
967 1415 998 1472 in
1023 1434 1082 1474 ano
1107 1420 1139 1474 et

117 1503 253 1562 ambulet
277 1507 308 1562 et
332 1505 432 1563 meiat.
476 1505 599 1580 prodest
626 1507 657 1563 et
682 1522 762 1579 aqua
787 1503 886 1561 calida
912 1522 997 1562 renes
1024 1504 1174 1563 foverer

116 1594 217 1650 errant
236 1595 338 1652 tamen
356 1594 447 1652 multi
465 1593 589 1654 dicendo
608 1593 755 1669 prodesse,
774 1594 810 1649 ut
828 1611 951 1649 manum
969 1611 1024 1668 per
1042 1611 1138 1651 anum

115 1681 248 1758 mittant,
273 1682 417 1757 quoniam
441 1679 484 1757 [in
507 1685 637 1757 utroque
661 1680 845 1740 eontrarium
868 1677 925 1756 est]
950 1683 981 1738 et
1004 1681 1137 1740 vesicam

116 1768 242 1828 laedunt
265 1772 296 1828 et
312 1771 473 1829 meatum'
465 1788 565 1846 1psum
583 1769 736 1847 unguibus
755 1769 924 1828 vulnerant.
967 1769 993 1826 si
1016 1770 1136 1828 tardius

115 1858 236 1942 uripam
263 1858 412 1943 lecerit,
417 1860 530 1926 stereus
563 1858 728 1966 1111111111,Ι
733 1877 802 1916 cum
832 1857 893 1917 sale
923 1858 1135 1918 hammoniaco

115 1945 186 2004 111110
186 1905 516 2044 Wffixim'fldbls
582 1945 699 2027 *1ξεῖ
698 1976 733 1994 ··
792 1924 802 2025 ξ
1156 1973 1158 1979 ’

49 2043 104 2098 147
182 2015 307 2091 Aliud.
321 2017 380 2091 alii
400 2021 537 2109 c'apitiila
560 2035 633 2094 duo
643 2037 784 2112 purgata
792 2015 871 2092 'trita
894 2035 964 2093 vino
983 2036 1137 2110 permixta

116 2121 200 2179 dabis
225 2123 256 2180 et
277 2121 368 2180 facies
392 2142 504 2197 equum
527 2142 652 2182 currere.

48 2219 105 2275 148
181 2209 266 2268 Item.
309 2209 390 2268 ebuli
412 2211 543 2270 radicem
567 2212 712 2271 conterito
735 2230 803 2270 oum
822 2212 892 2271 vino
915 2213 1011 2271 veteri
1035 2216 1067 2271 et
1087 2235 1136 2273 ex-

114 2297 237 2372 primito
268 2301 298 2358 et
327 2320 381 2375 per
409 2300 568 2359 linteolum
599 2301 696 2361 colato
727 2303 758 2358 et
787 2300 871 2358 dabis
901 2320 955 2376 per
984 2303 1135 2378 utrasque

114 2404 209 2446 nares.
1150 2411 1174 2448 2:

47 2484 104 2542 149
181 2475 281 2536 Aliud.
327 2477 464 2553 puleium
487 2470 556 2536 cum
579 2496 660 2553 aqua
681 2477 844 2536 bibendum
867 2478 1031 2553 praebebis

47 2571 106 2631 150
180 2563 276 2624 Aliud
298 2566 336 2625 ad
359 2565 482 2641 eosqui
502 2585 562 2625 non
580 2566 703 2643 meiant,
727 2561 906 2644 <Magonis>
925 2565 1134 2647 Carchedonii,

9 2698 12 2703 .
113 2652 197 2729 quod
222 2654 305 2715 solus
333 2654 528 2715 adseveravit.
575 2654 648 2714 dicit
675 2654 754 2714 enim
782 2654 887 2713 debere
916 2655 951 2713 de
979 2655 1134 2731 prioribus

111 2739 240 2844 pedibus
270 2743 403 2821 ungirlas
440 2741 582 2801 subter'
573 2743 669 2819 1psius
706 2743 777 2819 equi
809 2743 875 2801 radi
908 2746 939 2801 et
970 2745 1028 2803 teri
1062 2765 1133 2805 cum

121 2827 179 2889 n'ni
200 2832 273 2891 sext
296 2834 329 2891 et
349 2830 473 2890 naribus
496 2830 623 2891 infundi.
670 2832 827 2890 adseverat
856 2831 1058 2891 certissimum
1085 2854 1132 2893 re·
1147 2852 1172 2890 so

161 2916 258 3069 dlffi
285 3006 369 3069 aliud
395 3008 533 3086 Apsyrti,
562 3009 642 3084 quod
670 3027 700 3068 se
729 3009 809 3085 apud
838 3009 992 3067 Sarmatas
1019 3011 1131 3070 vidisse

169 3116 326 3129 ————

185 3182 201 3233 1
224 3175 436 3249 caliculoruml
454 3183 470 3231 3
425 3179 564 3249 taqua
583 3180 588 3247 Ι
608 3176 723 3232 coliculi
746 3179 755 3246 1
774 3183 791 3231 4
809 3177 934 3231 habeant
951 3179 960 3246 1
979 3184 995 3232 9
1023 3196 1130 3248 y-popa

161 3250 301 3407 *em-Lll
319 3247 409 3305 radici
427 3265 485 3303 sem
508 3250 518 3318 1
542 3254 575 3304 lt
594 3247 721 3319 callidau
738 3253 770 3302 18
789 3249 908 3312 leduntl
928 3254 960 3302 19
980 3251 1101 3303 stercum
1124 3250 1128 3320 1

281 3318 491 3391 hammoniaco]
478 3318 584 3391 ]μετὰ
606 3317 708 3381 dictor
725 3319 775 3374 καὶ
793 3317 976 3388 ἁμμωνιακοῦ
997 3320 1031 3373 Η
1047 3325 1124 3392 117
1121 3323 1131 3392 ’1

273 3388 402 3449 'ntuli
414 3391 426 3461 Ι
438 3394 473 3445 26
488 3389 616 3459 prebebis
630 3391 640 3461 Ι
654 3397 686 3445 27
702 3391 871 3445 carchedoni
883 3393 893 3462 1
907 3396 941 3443 32
961 3391 1071 3459 adsyrti
1085 3352 1130 3458 (iri

317 3462 339 3523 4
356 3476 447 3519 m
462 3460 603 3519 Potitum·
621 3464 768 3533 Apsyrtos)
