2348 3878
503 121 726 186 ..37-

105 283 223 344 flectere
252 301 312 342 non
340 284 440 358 potest
467 286 498 342 et
526 283 626 343 omnia
653 283 787 343 membra
814 283 909 359 ipsius
939 285 1025 342 tensa
1049 286 1120 343 sunt

105 372 139 431 in
159 371 359 449 posteriorem
385 373 517 449 partem,
545 375 576 430 et
604 374 659 430 aut
685 389 841 448 nunquam
869 372 982 431 excutit
1010 391 1041 431 se
1065 375 1120 431 aut

107 459 237 538 difficile,
261 462 292 519 ot
314 478 368 518 neo
391 459 424 518 in
445 459 576 535 priorem
598 463 716 535 partem
737 460 885 535 procedit,
909 460 961 519 sed
982 463 1063 520 retro
1087 461 1119 519 in

108 567 136 610 se
159 550 262 626 ipsum
283 548 397 607 recidit.
435 548 467 606 hi
494 551 525 608 et
552 548 673 608 difficile
701 549 821 607 urinam
847 548 964 608 faciunt
992 553 1022 609 et
1050 569 1118 609 cum

88 653 139 698 sse
160 636 342 715 proiecerint
364 639 395 696 et
416 655 521 696 rursus
543 638 643 697 levare
664 637 824 716 voluerint,
848 637 884 696 de
902 638 1118 713 posterioribus

107 744 137 786 se
151 725 273 786 difficile
287 727 415 804 elevant,
435 726 486 785 sed
505 745 523 785 a
540 726 662 786 renibus
681 726 849 803 subsidunt,
868 726 992 785 undeet
1010 745 1117 786 nomen

106 814 290 891 opisthotoni
312 816 445 873 tractum
467 816 520 874 ost.

173 901 280 962 (iurari
304 904 407 962 autem
429 902 575 962 eiusmodi
598 921 692 980 genus
715 902 862 978 passionis
880 902 976 962 hieme
996 901 1116 962 difficile
1127 911 1174 966 66

106 993 159 1070 est,
183 993 298 1051 aestate
322 991 348 1050 si
366 991 539 1069 diligentior
557 991 650 1050 fueris
671 990 818 1050 obtinebis
842 992 883 1050 sic
901 994 938 1050 ut
956 994 1026 1050 ante
1045 1010 1117 1051 uuo·

59 1091 90 1132 10
105 1080 239 1140 tionibus
252 1079 349 1139 utaris
367 1079 427 1139 his:
447 1079 549 1155 adipes
567 1079 713 1159 porcinas,
732 1081 862 1140 resinam
876 1080 1116 1159 terebinthinam,

106 1187 213 1247 ceram,
236 1169 322 1245 piper
344 1168 461 1246 tritum,
483 1169 557 1228 haec
580 1169 681 1228 omnia
704 1170 769 1228 oleo
792 1169 905 1229 misces.
938 1169 1028 1228 multi
1047 1189 1116 1229 ervo

107 1259 188 1317 cocto
217 1275 286 1316 cum
316 1275 396 1333 aqua
423 1259 516 1333 caput
542 1257 658 1334 fovent,
686 1257 765 1317 idem
797 1261 828 1317 et
853 1258 963 1318 hordeo
991 1258 1115 1318 faciunt.

106 1346 196 1404 multi
225 1346 257 1403 in
285 1347 412 1405 stercore
441 1344 574 1405 obruunt
601 1346 714 1404 animal
747 1347 828 1421 quod
854 1346 984 1424 patitur,
1012 1347 1044 1405 id
1071 1351 1117 1406 est

108 1437 161 1492 aut
183 1453 296 1511 equum
321 1437 377 1493 aut
403 1435 531 1512 mulam,
559 1437 614 1493 aut
642 1434 673 1491 in
701 1434 799 1494 calida
825 1435 938 1493 harena
964 1434 1044 1494 idem
1071 1437 1115 1494 fa-

59 1530 84 1570 5
110 1523 199 1582 ciunt.
236 1523 310 1583 facit
338 1523 430 1582 etiam
457 1525 488 1582 et
514 1523 587 1582 haec
619 1520 717 1598 potio:
744 1521 857 1596 piperis
889 1541 984 1599 grana
1007 1523 1046 1599 X,
1071 1543 1115 1582 ce-

111 1611 190 1671 driae
217 1614 254 1670 ut
277 1630 369 1688 supra
390 1611 517 1690 pondus,
540 1610 613 1669 nitri
632 1607 722 1686 ὁλκὴν
739 1628 841 1688 unam,
864 1605 941 1669 ὀποῦ
964 1612 1116 1689 Κυρηναι-

103 1708 159 1760 996
190 1699 309 1778 κυάμου
337 1697 479 1779 μέγεθος,
510 1700 583 1758 haec
619 1698 719 1758 omnia
750 1698 841 1758 terito
874 1698 994 1775 singula
1027 1701 1058 1757 et
1085 1700 1117 1758 in

105 1806 199 1848 unum
225 1789 361 1867 misceto,
390 1788 491 1848 addito
523 1790 553 1847 et
580 1787 637 1847 olei
660 1789 736 1846 hem.
760 1790 792 1845 et
813 1786 877 1846 vini
900 1787 1009 1846 summi
1035 1791 1115 1866 sext,

103 1876 171 1936 inde
207 1877 254 1935 bis
289 1877 322 1935 in
358 1877 405 1936 die
437 1877 584 1953 potiones,
630 1877 721 1935 multi
756 1875 849 1936 etiam
884 1876 940 1935 hoc
976 1876 1115 1951 prodesse

59 1968 83 2010 ὓ
107 1965 261 2044 dixerunt,
291 1965 469 2044 sanguinem
504 1966 653 2024 bubulum
688 1968 838 2025 recentem
874 1985 928 2040 per
960 1984 1053 2025 cornu
1084 1966 1116 2023 in

106 2054 205 2114 fauces
232 2054 397 2114 infundere.
444 2072 514 2113 sane
539 2053 564 2112 si
587 2054 710 2133 sanguis
740 2054 779 2112 ad
804 2055 910 2114 horam
936 2074 997 2114 non
1023 2055 1117 2114 fuerit

106 2141 252 2220 inventus,
280 2143 446 2222 λιβανωτοῦ
466 2139 553 2214 ὁλκὰς
577 2145 646 2220 1199,
670 2144 746 2202 sales
766 2143 861 2219 ipsius
884 2143 1023 2218 ponderis
1047 2164 1116 2203 oum

105 2230 171 2292 vino
191 2231 284 2291 dabis.
321 2231 395 2290 haec
417 2231 508 2290 mniti
531 2233 562 2290 et
583 2231 687 2308 magni
713 2231 771 2291 viri
797 2232 936 2307 prodesse
967 2232 1114 2309 dixerunt,
1125 2237 1173 2292 16

105 2338 155 2380 nos
179 2322 210 2380 et
229 2319 444 2380 consuetudine
463 2322 494 2379 et
511 2338 570 2378 usu
592 2319 694 2395 potius
712 2320 786 2378 haec
807 2320 955 2395 profuisse
979 2324 1010 2379 et
1027 2322 1114 2396 prod-

59 2408 83 2451 5
105 2426 164 2468 esse
197 2426 411 2469 memoramus:
440 2408 537 2483 adipis
569 2407 708 2483 porcinae
736 2426 810 2483 scrp.
834 2407 917 2485 xvi,
942 2408 1038 2484 adipis
1066 2429 1113 2469 ca-

104 2497 206 2572 prinae
235 2515 309 2572 sorp.
342 2497 425 2574 XVI,
455 2497 571 2556 resinae
598 2496 816 2555 terebinthinae
844 2514 918 2571 serp.
942 2495 1022 2574 IHI,
1055 2499 1114 2556 olei

103 2585 215 2644 cedrini
251 2586 342 2663 hem,
380 2585 441 2645 olei
473 2585 578 2644 cibarii
610 2587 682 2644 sext.
710 2584 784 2642 1111:
821 2585 894 2644 haec
927 2585 1027 2644 omnia
1059 2586 1113 2644 mi·

103 2677 181 2735 soeto
205 2674 238 2732 in
262 2693 350 2751 aqua,
373 2674 405 2731 in
428 2693 489 2750 qua
512 2674 627 2733 nitrum
649 2676 680 2732 et
702 2674 778 2732 sales
806 2673 919 2733 fuerint
942 2674 1027 2753 cocti,
1056 2675 1114 2733 sin-

103 2763 166 2838 guli
199 2762 282 2820 VHI.
337 2763 394 2822 hoc
435 2762 532 2822 calido
568 2762 764 2822 medicamine
805 2763 948 2841 ungimus
990 2783 1115 2842 aegrum

101 2863 315 2873 ——n

172 2921 190 2968 6
210 2913 252 2985 se]
273 2915 374 2982 9911111
393 2915 516 2968 tractum
534 2914 646 2984 scripsi:
664 2916 768 2968 tretum
786 2916 842 2968 eice
860 2917 967 2970 cretum
985 2914 1012 2969 R
1034 2931 1110 2969 crea·

101 2986 161 3039 tum
171 2984 324 3040 Scrobicci
336 2987 376 3052 i8
394 2983 495 3055 hyeme
513 2987 523 3054 ΙΙ
543 2989 576 3039 10
594 2983 801 3039 terebentinam
823 2986 833 3053 ΙΙ
857 2988 889 3037 11
903 2982 1009 3054 piperis
1025 2985 1086 3038 triti
1104 2986 1107 3056 1

102 3055 190 3110 herbo
214 3056 292 3110 cotto
310 3057 320 3124 ΙΙ
339 3060 372 3109 12
395 3053 483 3109 horde
497 3056 506 3123 ΙΙ
526 3061 560 3109 14
583 3054 715 3124 callidass
734 3059 766 3108 16
789 3053 891 3124 pondis
911 3056 972 3125 (cut
989 3055 1109 3124 pondus)

102 3125 186 3182 nitrio
197 3127 291 3179 ΛΚΗΜ
310 3123 389 3180 11ΝΑ·
402 3126 651 3180 ΤΙΟΥΚΥΡΗΝΑΤ
668 3126 810 3180 ΚΥΑΜΟΥ
825 3126 1110 3196 ΜΕΓΕΘΟΟ(999999.

102 3195 184 3252 Petit.
203 3198 245 3252 sic
261 3195 330 3251 nitri
348 3195 433 3265 ὁλκὴν
451 3214 536 3251 unam
557 3214 628 3250 orcoc
646 3197 802 3266 9991199199
825 3194 935 3267 scopae
959 3194 1089 3268 μέγεθος)
1103 3198 1114 3271 ΙΙ

103 3273 134 3321 11
158 3267 222 3323 9199
240 3268 298 3336 1161
316 3267 652 3322 ΛΙΒΑΝωΤΟΥΤΟΛΟΤ
671 3265 982 3339 99199,(Ρ919’19“99999“9
990 3272 1113 3339 91999199

101 3339 265 3410 odovacer»)
288 3339 298 3407 ss
324 3343 360 3392 24
390 3355 444 3394 usu
478 3337 587 3409 potius]
619 3336 682 3392 usui
710 3342 762 3405 pot
779 3338 808 3394 R
852 3354 905 3393 usu
934 3340 1112 3408 potissimum

101 3407 196 3464 899911.
210 3411 220 3478 i
233 3414 268 3463 16
287 3409 462 3465 terebentine
486 3411 492 3477 Ι
516 3425 587 3478 serp.
606 3406 671 3479 1111]
691 3409 759 3465 sext.
773 3408 826 3463 1111
843 3408 871 3463 R
913 3409 1062 3481 γράμματα
1080 3406 1112 3463 δ’

102 3477 232 3549 ΗΡ111
252 3478 340 3535 cibari
356 3478 361 3552 Ι
376 3480 500 3551 11991118
520 3480 579 3535 sale
592 3480 602 3549 11
615 3483 650 3533 29
668 3478 715 3534 hic
732 3481 853 3551 [egnum
