2348 3878
471 123 691 188 ,39-

68 272 339 366 diligentissimum
365 286 520 348 dominum
546 305 710 364 monemus,
739 286 820 362 quod
849 285 941 344 etiam
969 283 1087 361 Cappa-

68 377 161 438 doces
186 374 331 435 facientes
358 395 484 452 corpora
510 394 657 451 equorum
684 378 714 434 et
741 374 882 434 nutriunt
910 376 940 433 et
963 376 1085 452 augent.

66 485 144 526 nam
165 465 239 525 haec
262 482 340 541 quse
362 464 442 524 infra
465 463 661 541 ostendimus,
688 463 748 539 ipsi
771 461 961 540 Cappadoces
983 461 1086 522 breota

69 554 242 631 appellant,
271 572 349 629 quae
379 554 451 612 sunt
477 552 560 612 tolia.
619 550 723 612 hordei
752 551 867 612 modios
897 551 957 630 Ill,
996 551 1085 611 fabae

36 661 52 701 s
69 644 145 703 sext.
160 642 213 720 Vi,
227 641 322 702 tritici
336 644 408 701 sext.
422 641 474 720 VI,
493 641 596 701 ciceris
611 643 682 700 sext.
697 639 780 717 vm,
803 641 891 700 faseli
914 643 986 700 sext.
1000 639 1084 718 vm,

69 731 138 791 ervi
169 733 242 790 sext.
274 730 349 810 1111,
388 730 470 790 faeni
503 729 610 791 Graeci
642 732 713 789 sext.
746 728 806 808 ΠΙ,
834 732 864 788 et
896 729 922 787 si
951 728 1083 788 volueris

67 839 151 879 uvae
172 837 279 896 passae
302 823 334 879 et
355 819 456 878 nuclei
479 818 624 879 sextarios
647 818 796 896 singulos:
820 817 856 877 de
874 817 920 876 his
945 816 1083 877 omnibus

67 907 147 968 facis
169 907 305 967 modium
331 911 363 967 et
389 907 484 984 pridie
508 907 540 966 in
562 926 643 984 aqua
665 907 779 966 munda
802 906 929 966 eundem
950 905 1086 965 modium

68 995 230 1074 infundes,
258 1016 346 1055 mane
380 997 542 1072 paululum
574 1014 604 1055 se
641 995 789 1055 subsiccet
824 998 855 1054 et
886 995 955 1054 inde
988 1012 1084 1070 equus

19 1103 53 1144 ιο
69 1084 241 1145 semodium
270 1084 400 1161 accipiet
421 1087 453 1144 et
475 1103 539 1145 sero
563 1084 736 1144 semodium.
782 1085 838 1144 hoo
861 1083 969 1144 cotidie
993 1082 1085 1142 simili

67 1173 230 1252 diligentia
252 1173 350 1234 facere
373 1173 499 1233 curabis.
546 1172 572 1232 si
595 1191 666 1232 sane
685 1173 758 1232 satis
780 1173 959 1232 macilentus
982 1172 1084 1250 fuerit,

67 1281 143 1322 enm
164 1261 269 1322 diebus
296 1261 424 1340 triginta
451 1263 589 1338 clausum
618 1263 651 1320 in
678 1261 797 1322 stabulo
826 1261 923 1322 celido
950 1260 1083 1338 habebis,

67 1351 182 1411 itaut
208 1351 292 1410 intus
314 1350 400 1410 bibet
422 1353 453 1410 et
475 1351 517 1414 sic
541 1350 678 1427 accipiat.
725 1351 772 1408 sin
800 1353 903 1409 autem
925 1369 986 1410 non
1008 1349 1083 1409 odeo

67 1441 118 1498 est
145 1439 336 1518 macilentus,
364 1438 474 1516 viginti
502 1442 532 1499 et
564 1458 624 1498 uno
656 1438 703 1497 die
735 1437 874 1497 similiter
906 1438 1083 1496 stabuletur.

16 1544 51 1587 no
66 1546 142 1588 sane
166 1526 192 1586 si
209 1529 279 1604 post
296 1527 486 1606 diligentiam
507 1527 743 1603 suprascriptam
765 1526 839 1584 satis
856 1525 950 1584 fuerit
962 1525 1086 1603 pinguis

66 1618 101 1676 et
128 1635 166 1675 ne
193 1616 345 1694 pinguedo
368 1619 489 1693 noceat,
520 1615 643 1692 sanguis
666 1615 702 1673 de
725 1613 849 1673 matrice
877 1614 1017 1691 tollatur,
1047 1633 1085 1672 ne

63 1703 163 1764 nimia
185 1706 306 1781 pletura
329 1705 446 1764 adferat
468 1723 578 1763 necem.

135 1792 230 1853 Aliud
261 1793 343 1870 quod
370 1811 517 1869 pauperes
547 1793 599 1851 sed
627 1791 786 1870 diligentes
815 1790 913 1850 facere
943 1783 1132 1866 possunt225

62 1881 205 1941 triticum
227 1882 423 1942 torrefactum
443 1881 571 1940 mixtum
590 1900 686 1958 aquae
709 1881 833 1957 mulsae,
857 1878 999 1938 diurnum
1021 1897 1084 1938 mo-

12 1985 48 2030 so
63 1970 153 2030 dium
175 1969 533 2047 castrensempraebebis
559 1969 663 2029 diebus
690 1970 773 2029 ultra
799 1968 911 2046 viginti
932 1968 981 2027 vel
1008 1968 1084 2045 quot

63 2058 207 2120 volueris.

135 2147 213 2208 Sane
250 2148 300 2207 oui
339 2147 427 2224 pellis
464 2147 578 2206 emerit
615 2150 645 2207 'et
682 2146 783 2206 cibum
819 2165 880 2206 non
912 2145 1004 2205 sentit
1040 2139 1128 2193 -23

63 2235 150 2314 quod
177 2254 271 2315 genus
310 2236 458 2312 passionis
495 2235 688 2295 mulomedici
725 2234 947 2312 coriaginosum
980 2234 1082 2310 appel·

62 2327 152 2402 lant,
195 2324 344 2403 contingit
387 2327 489 2384 autem
527 2324 620 2384 nimio
658 2323 760 2383 labore
796 2355 856 2400 —-‚
892 2341 1082 2401 perunguen-

15 2429 48 2471 so
63 2415 141 2474 dum
170 2415 216 2472 est
244 2415 310 2474 oleo
333 2413 466 2489 primum
496 2415 613 2491 rutato,
643 2413 687 2472 ita
714 2415 750 2470 ut
783 2430 868 2471 omne
901 2430 1009 2487 corpus
1032 2431 1082 2487 pe·

61 2521 217 2581 mogum,
249 2506 280 2562 et
305 2503 361 2562 bac
393 2504 499 2578 postea
525 2501 647 2578 potione
681 2500 815 2561 sanabis:
844 2499 991 2578 canetae,
1021 2503 1082 2558 tra·

63 2591 179 2669 canthi,
196 2592 284 2649 rutae
299 2590 463 2668 silvaticae,
482 2593 608 2666 nepetae
630 2592 791 2649 montanee
813 2589 918 2647 uncias
938 2589 1082 2667 singulas,

62 2679 186 2757 apium,
221 2679 405 2758 melilotum,
438 2678 623 2738 absinthium
655 2679 815 2739 Ponticum
847 2695 916 2737 oum
947 2677 1018 2737 vino
1052 2680 1083 2736 et

64 2787 151 2845 equa
169 2768 267 2828 calida
286 2767 378 2827 dabis.
408 2768 509 2828 omnia
527 2768 731 2844 suprascripta
744 2787 814 2828 cum
828 2786 908 2843 aqua
926 2765 1032 2842 coquis
1052 2768 1083 2825 et

20 2873 52 2914 so
67 2856 113 2917 sic
136 2859 207 2932 post
229 2876 298 2916 cum
320 2857 389 2916 vino
413 2856 506 2917 dabis.

139 3067 155 3116 3
174 3060 285 3132 brenta]
301 3060 457 3130 abreptaR
474 3062 555 3130 (corr.
568 3061 740 3128 Eichenfeld)
755 3063 765 3128 u
785 3063 801 3112 5
820 3056 917 3112 faselis
931 3060 941 3126 1]
955 3059 1059 3113 dherbi
1075 3059 1084 3127 tl

65 3138 100 3188 12
115 3133 225 3186 clusum
238 3133 249 3200 ΙΙ
264 3137 297 3186 14
311 3129 488 3187 macillentus
504 3132 509 3200 Ι
526 3130 628 3199 viginti
638 3136 667 3185 et
676 3149 732 3185 uno
746 3128 806 3200 die]
822 3124 869 3183 ἐπὶ
883 3127 1000 3254 putores
1009 3129 1038 3184 κ’
1051 3130 1087 3186 Η

65 3199 114 3260 ἐπὶ
132 3198 250 3273 ἡμέραις
269 3203 357 3257 εἴκοσι
377 3203 405 3256 Ρ
422 3203 478 3270 (sed
496 3202 638 3273 Apsyrtos
656 3202 744 3270 Hipp.
763 3204 820 3255 300
842 3199 881 3270 ἡμ
896 3220 947 3270 ρας
970 3195 1034 3270 ἑξῆς
1052 3200 1082 3255 κ’

64 3274 116 3330 καὶ
134 3273 178 3342 α’)
196 3277 207 3343 [Ι
226 3277 259 3326 15
278 3275 396 3342 pingues
413 3275 424 3342 fl
441 3277 476 3327 20
494 3270 625 3342 prebebis
641 3276 646 3341 1
662 3272 736 3340 quod
755 3272 765 3340 ΙΙ
785 3276 819 3325 22
838 3273 927 3341 pelles
947 3273 1035 3326 auerti
1054 3272 1083 3326 R

65 3343 157 3417 δέρμα
181 3345 384 3415 καταξηρανθῇ
404 3344 443 3410 Η,
460 3344 525 3398 dode
547 3359 617 3398 corr.
641 3343 804 3408 Eichenfeld
818 3344 827 3412 ΙΙ
850 3348 883 3397 2⁷
908 3343 1004 3397 uncias
1027 3341 1083 3395 sin·

105 3417 160 3488 lae]
179 3431 242 3470 uno.
265 3432 285 3470 s.
305 3415 333 3468 R
365 3413 423 3469 ἀνὰ
440 3421 473 3483 νῦ
492 3413 568 3467 αἨ
573 3418 629 3469 186
661 3412 718 3467 dod
731 3422 763 3482 γό
779 3412 819 3468 us‘
831 3413 928 3468 11276
941 3416 999 3481 lt28
1012 3412 1081 3464 mel-

65 3435 181 3543 blesum
198 3485 375 3541 absenthium
388 3487 399 3554 ss
412 3490 447 3538 29
467 3484 572 3541 callida
