2348 3878
454 129 673 194 ..53-

53 296 162 356 contra
190 293 293 353 focum
323 292 407 368 potio
440 295 471 351 et
502 292 545 352 sic
577 293 672 353 detur.
718 313 795 369 quae
824 295 850 373 si
877 294 950 353 satis
978 295 1071 353 fuerit

54 383 164 461 spisse,
186 381 269 459 passi
291 382 360 457 plus
384 381 519 457 accipiat.

123 471 175 530 Ad
201 471 305 531 vulsos
337 470 372 529 dc
400 471 521 529 recenti.
562 471 731 546 capitulum
758 471 904 548 agninum
931 472 962 529 in
991 483 1120 547 aquaso

55 561 207 636 decoquas
238 559 370 636 tamdiu,
408 559 553 634 quamdiu
586 562 685 618 totum
721 559 921 638 decoquatur,
958 563 989 619 et
1020 561 1070 619 ad-

25 649 160 728 siungis
182 647 334 707 modicum
356 647 454 706 mellis
478 651 508 707 et
535 648 620 707 dabis
647 668 700 724 per
727 667 819 708 cornu
842 648 943 708 ieiuno
967 649 1070 707 diebus

55 741 180 814 septem.

123 826 174 885 Ad
196 828 311 884 tussein
334 844 411 901 quae
435 824 471 884 de
494 825 634 884 faucibus
658 825 800 884 nascitur.
840 845 960 884 murrae
977 857 1014 866 -—
1031 825 1117 903 Π,87

54 915 114 974 lini
149 914 271 974 seminis
307 913 389 973 fricti
424 915 510 991 sext,
547 914 729 975 cardamomi
761 915 957 991 semunciam,
993 933 1071 973 uvae

54 1020 164 1081 passae
188 1005 274 1080 sext,
297 1002 399 1062 nuclei
421 1004 507 1079 sext,
534 1003 633 1062 mellis
656 1024 683 1079 p.
708 1003 751 1061 H:
774 1004 847 1063 haec
877 1003 977 1064 omnia
1004 1002 1070 1060 dili-

13 1109 41 1148 ro
57 1095 166 1172 genter
192 1091 264 1150 teris
293 1093 323 1149 et
349 1091 410 1150 mel
439 1090 523 1151 addis
552 1093 582 1150 et
609 1092 651 1151 sio
679 1092 780 1151 omnia
802 1093 876 1151 trita
900 1092 1071 1153 commisces

55 1185 88 1241 et
117 1179 216 1258 agitas
243 1179 296 1239 diu
323 1182 354 1238 et
380 1180 455 1238 facis
481 1179 619 1255 pastillos
647 1181 686 1239 ad
711 1181 834 1240 modum
861 1181 945 1240 nucis
975 1181 1071 1240 etsie

55 1272 161 1329 ternos
183 1268 307 1328 diurnos
331 1268 415 1327 dabis
439 1267 543 1327 diebus
568 1269 701 1344 quinque
725 1273 780 1329 aut
802 1273 923 1346 septem.

124 1357 204 1417 Item
227 1357 318 1416 aliud.
356 1356 466 1416 occidis
488 1357 609 1432 pullum
631 1361 662 1416 et
685 1358 745 1417 cito
772 1359 860 1416 illum
883 1359 1017 1434 despicas
1041 1361 1119 1423 etse

56 1447 142 1507 tollis
166 1446 214 1504 illi
236 1447 371 1505 ventrem
393 1449 424 1505 ot
447 1445 489 1504 sic
517 1446 667 1521 quomodo
691 1449 748 1522 est,
773 1466 841 1504 cum
864 1449 992 1505 stercore
1016 1465 1070 1506 suo

16 1549 43 1592 rc
56 1534 189 1595 involvis
211 1533 304 1592 illum
321 1533 355 1592 in
376 1535 465 1593 melle
489 1537 519 1592 et
549 1533 653 1611 deiciS,
684 1552 752 1592 oum
775 1535 866 1610 calet,
895 1535 995 1609 pecori
1018 1554 1072 1608 per

55 1624 201 1685 canalem.
240 1622 440 1682 certissimum
462 1625 517 1681 est.

124 1712 174 1771 Ad
187 1714 302 1770 tussam
316 1730 446 1789 gravem.
479 1711 590 1786 pilulas
605 1710 738 1786 cupressi
752 1711 893 1786 decoquis
910 1712 940 1768 et
958 1728 1070 1786 purgas
1081 1721 1119 1776 89

55 1800 221 1879 diligenter
252 1802 283 1859 et
308 1800 341 1858 in
368 1799 429 1874 pilo
457 1819 623 1859 marmoreo
656 1818 725 1858 cum
752 1799 883 1878 axrmgia
911 1799 1069 1858 contundis

56 1893 88 1950 et
107 1908 196 1948 arum
215 1888 366 1948 Gallicum
384 1888 475 1946 simul
494 1890 524 1947 et
542 1889 616 1948 folia
633 1890 738 1947 tenera
755 1888 863 1948 herbae
882 1887 1070 1966 panetariae,

17 1993 43 2033 so
56 1981 88 2037 et
115 1977 192 2036 facis
226 1977 376 2054 pastillos,
409 1994 485 2052 quos
517 1997 570 2053 per
596 1977 732 2036 triduum
759 1978 888 2053 impares
914 1977 947 2036 in
974 1978 1070 2054 melle,

58 2067 125 2127 oleo
158 2068 189 2125 et
220 2065 291 2125 vino
322 2083 429 2142 passo,
463 2065 526 2125 ovis
558 2065 668 2125 tinctos
701 2066 816 2125 deicies.
867 2070 922 2125 aut
954 2067 979 2124 si
1015 2068 1070 2126 hoc

58 2154 211 2231 displicet,
245 2154 345 2213 omnia
377 2154 467 2212 simul
499 2154 670 2213 commisces
698 2173 767 2214 cum
798 2156 863 2215 oleo
895 2154 1012 2215 rosacio
1041 2159 1071 2213 et

56 2243 161 2320 melle,
188 2242 260 2302 vino
292 2260 381 2318 passo
414 2245 445 2301 et
472 2242 535 2301 ovis
562 2243 686 2303 resolvis
717 2246 747 2302 et
773 2244 864 2319 teres3
896 2263 950 2319 per
979 2263 1071 2302 cornu

58 2332 176 2392 deicias.
227 2349 297 2389 sane
330 2330 356 2388 si
387 2331 499 2406 pilulas
532 2331 695 2406 decoquere
727 2332 872 2410 nolueris,
900 2332 967 2407 ipsa
996 2331 1071 2391 folia

21 2434 45 2476 u
58 2419 194 2496 cupressi
223 2419 374 2478 subsiccas
402 2421 432 2478 et
459 2419 561 2478 tundis
589 2423 620 2478 et
647 2420 721 2478 facis
748 2421 916 2496 pulverem,
943 2420 993 2479 cui
1021 2420 1071 2478 ad-

57 2509 166 2568 misces
190 2507 291 2568 omnia
314 2508 477 2583 superiora.

123 2596 174 2655 Ad
192 2599 315 2673 tussam,
331 2615 408 2672 quae
422 2596 458 2655 de
472 2596 610 2654 faucibus
625 2598 766 2656 nascitur.
796 2615 915 2656 murrae
930 2591 1017 2675 <->
1031 2598 1070 2673 II,
1081 2608 1120 2662 90

57 2685 230 2762 piperis-
251 2685 295 2762 Π,
325 2685 381 2743 lini
409 2685 530 2744 seminis
559 2685 641 2745 fricti
669 2688 754 2764 sext,
786 2686 968 2746 cardamomi
996 2704 1070 2744 sem-

57 2775 188 2851 unciam,
207 2792 284 2833 uvae
302 2791 408 2849 passae
427 2776 509 2851 sext,
528 2775 627 2833 nuclei
645 2778 726 2852 sext,
745 2775 843 2834 mellis
861 2795 889 2851 p.
908 2774 952 2832 H:
971 2775 1071 2835 omnia

27 2874 47 2914 ω
58 2864 131 2923 tn'ta
154 2862 230 2921 bene
249 2861 332 2920 melli
349 2862 424 2922 bene
447 2863 592 2922 calefacto
611 2866 642 2923 et
661 2867 745 2923 cocto
764 2864 903 2941 adiungis
923 2866 953 2921 et
972 2864 1070 2939 agitas

59 2952 109 3010 diu
128 2954 161 3011 et
179 2950 254 3009 facis
272 2950 411 3026 pastillos
425 2951 463 3009 ad
480 2952 604 3011 modum
622 2953 715 3030 nucis
735 2971 810 3027 quos
829 2955 929 3010 ternos
948 2951 1070 3009 diurnos

59 3040 149 3100 deicis
172 3039 278 3098 diebus
301 3042 415 3115 septem
438 3042 493 3098 aut
514 3040 604 3098 ultra.

128 3286 145 3333 2
170 3277 262 3348 passis
279 3277 307 3332 R
325 3281 407 3333 (corr.
427 3279 535 3346 Sarct.)
555 3280 564 3347 ΙΙ
582 3285 599 3332 4
617 3277 717 3334 tandiu
730 3281 769 3348 117
789 3298 898 3349 myrrae
912 3281 952 3348 118
975 3281 1070 3336 carda-

63 3350 145 3406 nomi
164 3366 224 3403 sem
239 3379 272 3390 -
287 3348 301 3402 I
318 3349 346 3404 R
374 3348 520 3419 καρδάμου
539 3359 572 3418 po
591 3345 615 3404 s'
635 3349 667 3402 H
686 3351 775 3418 (infra
792 3353 824 3405 ia
843 3357 880 3406 90
899 3351 1070 3406 cardamomi

64 3436 116 3475 scm
125 3421 167 3491 R)
186 3421 196 3489 ΙΙ
214 3425 248 3474 10
267 3420 350 3474 tritae
365 3423 374 3491 ss
390 3426 423 3473 14
447 3421 532 3476 tolles
548 3432 551 3482 1
568 3420 707 3489 quomodo
727 3421 836 3477 Sarra:
855 3423 911 3490 (χῶ
930 3423 941 3489 l
961 3427 992 3474 lc
1012 3437 1069 3473 car-

10 3538 12 3553 ,
63 3493 152 3547 nalem
165 3494 176 3562 ΙΙ
190 3497 225 3544 20
242 3491 376 3560 pastellos
391 3494 397 3560 J
412 3488 524 3561 inpares
537 3494 547 3563 ΙΙ
561 3497 595 3548 31
615 3491 756 3564 pastellos
