2310 3876
506 121 745 186 -166-

122 281 195 337 θους
216 277 255 347 β’,
274 273 353 330 οἴνου
372 274 499 338 κυάθους
519 277 547 348 β’
567 277 619 345 τὴν
637 277 764 346 κεφαλὴν
783 277 918 349 κάθαιρε.
945 276 1042 350 οἷσπερ
1060 278 1083 335 ελ
1094 282 1115 350 pi

123 347 262 401 ὑπακούει
284 347 315 401 τὸ
341 345 449 414 πάθος,
473 347 673 418 ἀθεράπευτον
696 348 818 419 ὑπάρχει
840 349 871 404 τὸ
895 348 1015 419 νόσημα.
1052 355 1115 407 main

123 421 220 470 tamen
237 420 399 486 suspiriosis
410 417 587 486 'coniungere
607 436 671 473 oum
690 422 839 476 enuntiato
858 423 1048 477 antecedenti

195 488 224 542 si
256 506 315 558 per
342 489 528 560 veretrum]
557 488 617 546 soil.
640 508 693 560 pus
718 490 820 545 reddit
858 493 897 546 M
914 493 942 548 h.
962 510 986 548 e.
1005 492 1115 548 Eumeln

123 557 170 613 hio
194 576 305 628 quoque
328 561 405 614 tacet
428 560 462 615 de
486 559 589 615 catulo.
630 560 743 630 integre
770 561 918 629 Pelagonii
942 564 1031 618 rerba
1052 564 1115 618 habe

123 629 158 682 Η
171 636 222 684 166
237 657 271 676 =
286 631 324 685 M
334 637 367 685 33
387 631 431 701 ρξ’
455 633 636 700 Πελαγωνίυυ
660 633 731 702 πρὸς
753 633 818 694 τοὺς
841 633 899 687 ἀπὸ
923 632 1043 689 αἰδοίων
1063 635 1115 689 nior

124 702 176 768 (ita
194 704 228 768 P,
247 701 318 764 πύος
336 703 376 769 H,
395 707 469 756 πῦον
489 704 536 772 Μ)
555 701 701 773 φέροντας.
730 703 904 774 ἀλεκτρυόνα
918 705 969 758 καλ
988 706 1115 760 σκυλάκιον

123 772 196 826 κατὰ
214 774 299 828 ταύτὸ
318 766 427 841 ἑψήσας
445 771 513 842 μεθ’
534 773 645 840 ὕδατος,
665 771 762 828 ἔπειτα
781 774 924 843 διηθήσας
943 776 975 830 τὸ
994 775 1067 845 ὕδωρ
1083 797 1112 830 κα

124 845 292 933 πρρσβαλών
308 844 453 912 ἀσφάλτου
472 842 652 913 λελειωμένης
674 844 802 914 δραχμὴν
829 848 898 914 μίαν
921 847 1069 918 προπότιζε
1086 843 1113 900 ἐπ

123 919 381 1055 ημερ2λλς6θῡυρλοκ
398 987 428 1040 in
446 989 482 1039 M
501 984 593 1039 versio
617 988 695 1040 extat
708 1003 735 1054 p.
753 991 786 1040 18
809 986 850 1056 (in
874 988 951 1042 ealce
976 988 1074 1058 ospitis
1090 989 1115 1041 λ

124 1056 266 1124 σκώληκας
295 1057 430 1119 σιτιστοὺς
456 1056 514 1110 άπὸ
546 1057 717 1126 άρτοκοπίου
749 1057 866 1119 λειάσας
892 1059 1008 1131 ἀριθμῷ
1033 1057 1056 1125 ζ’
1083 1079 1115 1112 κω

124 1128 203 1180 οἴνου
222 1126 350 1189 κυάθους
372 1127 397 1193 ζ’
417 1126 466 1181 καὶ
489 1122 585 1181 ἐλαίου
608 1126 737 1191 κυάθους
759 1127 801 1199 β’·
822 1123 854 1182 ἐν
872 1130 965 1202 ταύτῷ
989 1129 1115 1200 σύμπαντι

124 1197 206 1263 μίξας
230 1197 277 1252 καλ
306 1197 421 1266 χλιάνας
444 1197 493 1252 διά
517 1197 664 1268 μυκτήρων
688 1200 783 1266 δίδου,
812 1203 882 1267 etp.
900 1206 953 1254 139
976 1201 1042 1271 αρα’
1064 1200 1115 1268 πρὸς

124 1266 214 1352 ἀρχὴν
233 1270 399 1331 δυσπνοίας·
428 1270 571 1338 σκώληκας
589 1270 646 1325 άπὸ
660 1271 831 1340 άρτοκοπίυυ
850 1269 886 1336 ζ’,
906 1257 988 1326 otoni
1010 1272 1115 1330 κυάθους

125 1338 163 1408 β,
182 1337 276 1392 πάντα
295 1340 409 1402 λειάσας
427 1340 476 1394 καλ
494 1340 610 1409 χλιάνας
628 1339 677 1394 διά
695 1349 750 1395 τῶν
769 1340 916 1410 μυκτήρων
936 1337 1095 1412 ἐγχυμάτιζ.

194 1409 249 1464 207
260 1412 295 1464 Η
306 1417 339 1465 95
359 1411 424 1466 άλλυ
438 1414 627 1481 Πελαγωνίου.
656 1406 800 1480 ἑψήματος
812 1415 955 1481 Κρητικοῦ
973 1412 1010 1480 ξέ.
1029 1411 1058 1468 α’
1074 1415 1115 1466 κτλ.

124 1482 169 1545 (==
184 1481 222 1534 M
233 1488 284 1536 139
304 1482 369 1556 oqc'
390 1484 571 1552 Πελαγωνίυυ
585 1483 655 1552 πρὸς
668 1482 825 1537 δάσπυυιαυ
840 1484 948 1550 ἵππου).
967 1485 1115 1569 reliquorum

124 1551 282 1619 specierum
300 1555 437 1624 interpres
455 1555 588 1625 proponit
605 1554 701 1608 uncins
727 1553 852 1623 singulas
871 1553 929 1608 ἀνὰ
952 1565 986 1624 γυ
1011 1575 1050 1621 α,
1067 1571 1115 1607 σω·

124 1623 216 1689 φίδων
243 1624 274 1679 τὸ
300 1627 414 1695 ἀρκοῦν.
452 1625 527 1693 quod
557 1624 588 1678 in
620 1624 709 1679 altero
741 1624 839 1679 codice
866 1625 985 1681 extabat
1013 1620 1115 1682 κυιιολ7

125 1697 288 1765 corruptum
305 1697 418 1751 videtur
436 1713 471 1750 ex
489 1713 540 1752 ooo
563 1696 597 1763 V,
614 1695 657 1750 ita
675 1695 750 1748 enim
775 1695 939 1764 Vegetiusl
956 1702 997 1764 11,
1012 1704 1027 1751 6
1045 1695 1072 1749 in
1083 1710 1113 1746 re-

123 1764 217 1820 medio
237 1767 391 1822 simillimo.

196 1839 397 1909 †avennbis]
424 1832 599 1892 ornatiores
619 1837 764 1906 interpres.
802 1836 980 1891 desideretur
1007 1835 1115 1899 ezaoat's

125 1907 256 1977 Iroipobis
282 1909 328 1964 vel
355 1909 447 1962 simile
475 1909 600 1963 verbum.
641 1907 781 1963 avenandi
803 1907 921 1962 verbum
945 1910 1021 1978 (trit
1043 1906 1114 1972 Ησήιι

124 1983 183 2030 uod
201 1981 279 2032 άακκ
292 1981 446 2047 uberhaupt
463 1980 593 2046 fritterrr')
608 1979 787 2033 statuendum
802 1994 863 2033 esse
873 1979 998 2047 Georges
1012 1981 1062 2034 lex.
1072 1975 1113 2030 Vll.

123 2045 189 2100 edit.
212 2064 232 2099 s.
247 2066 274 2102 v.
301 2051 348 2103 vix
379 2050 511 2117 cuiquam
542 2049 731 2117 persuadebit.
778 2051 912 2105 alienabis
946 2049 1114 2105 Buecheleros

124 2116 245 2171 coniecit
258 2119 362 2173 collato
378 2118 521 2174 alienandi
535 2120 613 2174 verbi
627 2120 704 2189 apud
722 2119 797 2176 Cael.
813 2120 878 2176 Aur.
892 2123 922 2175 et
936 2122 1057 2176 medicos
1070 2134 1113 2173 usn.

123 2257 161 2310 M
195 2187 253 2242 268
280 2189 313 2243 H
330 2196 363 2245 95
390 2189 565 2261 praescripto
588 2189 729 2260 Μάγωνος
752 2191 879 2260 nomine,
903 2192 980 2260 quod
1003 2186 1114 2247 deestis

172 2263 222 2313 139
242 2280 261 2314 α
282 2261 326 2317 θ’.

194 2277 379 2389 σοάὲἰδεσο
402 2331 612 2403 diligentius
631 2350 655 2388 e.
671 2350 696 2401 q.
716 2332 750 2402 n]
775 2331 805 2389 τὸ
822 2339 914 2402 σχῆμα
927 2335 1025 2388 τοίνυν
1046 2333 1113 2386 αυτοῦ

124 2401 274 2474 κατάμαθε
299 2409 472 2476 λεπτομερῶς
495 2405 544 2460 καὶ
566 2402 615 2476 (εἰ
632 2403 704 2478 μὲν)
728 2403 768 2466 εἰς
789 2403 820 2458 τὸ
849 2402 944 2469 δεξιὸν
966 2405 1115 2480 κεκάρτωτιϊ,ι

121 2477 257 2545 (purpura
283 2477 387 2532 codicis
409 2478 492 2532 nihili
516 2478 569 2546 est)
598 2473 681 2546 μέρος
710 2473 873 2542 ἰαθήσεται,
893 2473 920 2529 εἰ
943 2475 974 2530 δὲ
1000 2473 1075 2598 Gir?
1093 2485 1113 2521 τῦ

123 2545 279 2618 ἀριστερὸν,
298 2546 502 2619 δυσχερέστατα
522 2547 633 2615 ζήσεται
651 2550 707 2600 κτλ.
728 2577 761 2588 -
776 2545 941 2602 exciderunt
959 2563 1025 2601 mox
1043 2555 1115 2600 neum

124 2619 264 2671 laurinum
288 2622 317 2674 et
340 2622 436 2674 vinnm
459 2622 541 2673 vetus
565 2649 599 2659 —
622 2617 672 2672 καὶ
695 2611 803 2685 ἑψήσας
829 2616 887 2686 ἅμα
910 2619 1049 2690 σκυλακίμ
1066 2613 1115 2695 ὅσον1

123 2685 234 2754 ἡμερῶν
254 2685 324 2743 δέκα
343 2684 484 2761 ἐπιβαλὼν
502 2685 605 2759 <μέλι>
623 2686 641 2755 ἢ
660 2687 793 2757 ὑδρόμελι
811 2688 860 2742 καὶ
878 2687 934 2742 ὠὸν
952 2685 986 2742 ἓν
1006 2684 1051 2742 ἐπὶ
1066 2683 1115 2757 ἡμέζ

124 2775 186 2823 ραις
201 2765 356 2821 συναπταῖς
369 2760 418 2813 καὶ
429 2763 544 2820 πολλαῖς
554 2753 725 2827 ἕγχυμάτιζε.
749 2760 864 2814 lacunas
873 2759 1007 2814 editionis
1017 2760 1115 2827 Gryntssl

122 2827 193 2881 bene
212 2830 308 2898 explet
326 2830 415 2884 codex
433 2831 466 2884 P.

195 2899 253 2956 209
271 2901 304 2955 H
316 2906 349 2956 96
369 2899 442 2957 troo.
472 2900 490 2969 ἡ
515 2900 655 2955 δάσπνοια
678 2902 787 2969 γίνεται
811 2895 841 2954 ἐκ
864 2901 995 2955 πλείστου
1022 2898 1115 2973 λδρῶιοι

125 2974 180 3026 κτλ.
215 2973 378 3028 exciderunt
396 2973 485 3027 multu
499 2974 560 3042 (pro
577 2970 703 3042 ἰρυγγίυυ
723 2972 957 3042 1ος.συριγγιόυ).
979 2974 1016 3026 M
1027 2975 1109 3042 139911

123 3043 193 3111 πρὸς
211 3044 376 3100 διλοπνοιαν.
1114 3101 1115 3110 ,

195 3113 260 3185 Cup.
279 3116 350 3171 XIII.
388 3114 446 3170 210
473 3114 506 3168 Η
521 3121 570 3169 136
596 3115 778 3183 Πελαγωνίου
805 3113 870 3183 περὶ
894 3114 1060 3182 ὑδεριῶυτος
1083 3124 1112 3162 κα

122 3196 307 3252 τυμπανικοῦ.
339 3187 378 3241 Μ
388 3191 421 3240 36
440 3184 502 3254 ρσε’
527 3187 707 3255 Πελαγωνίου
730 3184 981 3254 seripturarum
1003 3184 1052 3238 καλ
1068 3196 1115 3247 τυμ·

122 3264 259 3313 πανικῶν.
287 3258 322 3312 of.
337 3256 407 3325 Veg.
423 3257 447 3309 V
463 3260 576 3313 24-26.

195 3326 252 3382 211
272 3329 307 3382 H
320 3333 370 3382 137
396 3327 453 3381 άπὸ
472 3335 521 3382 τοῦ
541 3327 669 3398 ὀμφαλοῦ
689 3327 725 3389 ὡς
744 3321 791 3381 ἐπὶ
817 3327 847 3381 τὸ
871 3330 976 3395 στῆθος
999 3325 1056 3380 άπὸ
1082 3322 1115 3375 δα

122 3395 228 3452 κτύλωυ
248 3398 300 3453 δύο
319 3397 383 3453 κατ’
405 3399 486 3467 εὐθὺ,
507 3398 543 3468 μὴ
566 3395 612 3454 ἐπὶ
636 3399 668 3452 τδ
691 3398 828 3468 πλευρὸν,
850 3396 1064 3467 παρακέυτήσον
1085 3408 1115 3446 κα

123 3468 255 3524 αὐλίσκου
275 3469 375 3544 ἔμβαλε
396 3475 452 3526 κτλ.
469 3497 502 3518 =
523 3472 561 3525 M
579 3475 613 3524 36
633 3468 710 3540 ρςς’.
748 3472 847 3524 auctor
871 3468 1055 3539 experimenti
1076 3465 1114 3532 Ap
