2348 3878
490 105 708 171 ..96-

27 275 84 332 303
160 273 238 332 Item
255 270 339 348 potio
359 271 398 331 ad
415 269 497 347 ipsos
515 269 688 330 certissima.
721 269 873 329 uacanthi
891 287 961 329 sem.
981 269 1014 327 in
1038 269 1109 330 vino

94 361 252 439 infundeS‚
292 360 353 436 opii
392 377 466 436 serp.
498 357 577 437 1111,
617 358 744 435 styracis
776 376 850 434 serp.
885 358 949 436 ΠΙ,
987 359 1111 418 nucleos

95 450 199 527 pineos
223 448 311 508 OOX:
343 449 416 508 haec
444 447 535 507 simul
561 446 671 507 deteris
703 447 870 506 diutissime
898 449 929 505 et
956 446 1110 525 magnitu-

95 539 195 598 dinem
217 537 303 598 nucis
329 536 495 596 Abellanae
518 555 587 596 oum
604 535 668 597 vini
687 538 758 595 sext.
781 554 836 611 per
854 553 947 595 comu
970 535 1109 595 faucibus

95 627 235 686 infundes
252 639 307 702 per
324 625 387 685 dies
406 628 527 701 septem.
551 625 607 684 hoe
630 624 723 683 etiam
745 626 776 684 et
793 624 964 683 hominibus
987 625 1108 701 prodest
1130 633 1139 674 ⁵

95 715 182 776 fabae
205 715 445 794 magnitudinem
467 732 537 773 eum
559 732 615 773 ovo
639 713 761 772 dedisse.

30 804 88 861 804
165 805 243 864 Item
266 804 292 863 si
315 803 493 881 sanguinem
514 801 662 880 reiecerit,
690 801 813 877 prodest
839 803 980 880 genestae
1005 820 1108 862 sucum

96 912 167 953 cum
197 892 268 954 vino
300 893 370 951 dare
402 894 456 950 aut
482 891 565 966 porri
592 909 699 950 sucum
725 883 836 970 <cum>
863 890 955 950 lixivo
984 894 1017 950 et
1045 892 1106 951 oleo

96 981 234 1041 faucibus
257 980 421 1039 infundere.

30 1069 87 1128 305
163 1070 242 1129 Item
264 1069 290 1128 si
312 1069 437 1146 sanguis
454 1087 509 1143 per
527 1085 614 1127 nares
631 1067 759 1145 fluxerit,
778 1067 938 1127 linteolum
956 1071 988 1127 et
1007 1068 1106 1128 lanam
1121 1077 1153 1117 1⁰

97 1158 252 1218 combures
276 1159 306 1216 et
328 1176 383 1233 per
403 1155 545 1216 fistellam
567 1156 599 1215 in
622 1174 708 1216 nares
732 1156 879 1215 exsufflas.

31 1245 89 1301 306
165 1245 198 1304 si
221 1245 306 1321 equis
329 1263 437 1321 spuma
458 1265 513 1321 per
535 1263 568 1305 os
590 1244 710 1304 fluxerit
728 1244 847 1321 cibique
869 1245 1028 1304 fastidium
1046 1263 1107 1305 sus·

6 1395 8 1400 ,
97 1333 253 1411 tinuerint,
276 1335 478 1394 rosmarinum
501 1333 533 1392 in
556 1351 637 1409 aqua
659 1333 784 1392 infunde
808 1336 839 1393 et
860 1333 929 1393 inde
949 1353 981 1394 os
1000 1335 1108 1411 foveto,

98 1423 200 1483 addito
224 1424 255 1482 et
277 1423 352 1482 folia
374 1423 500 1482 lentisci.

31 1511 86 1568 sot
163 1511 241 1570 Item
264 1510 348 1570 aliud
371 1510 562 1571 Oolumellae.
601 1509 626 1568 si
649 1509 774 1588 sanguis
795 1529 850 1586 per
871 1529 958 1570 nares
981 1510 1116 1588 fluxerit,
1171 1520 1174 1523 ’

96 1600 266 1676 perieulum
289 1600 399 1678 adfert3
423 1599 504 1676 quod
525 1598 701 1675 reprimitur
727 1599 827 1659 infuso
855 1600 979 1659 naribus
1006 1599 1127 1661 viridis

97 1689 246 1748 coriandri
269 1707 348 1748 suco.

33 1777 91 1834 308
166 1776 215 1835 Ad
238 1795 288 1836 eos
312 1777 365 1852 qui
388 1776 566 1854 sanguinem
583 1775 698 1834 meiant
715 1778 770 1835 aut
788 1779 902 1855 canant,
920 1777 1011 1836 Flori.
1045 1795 1147 1837 san-

99 1866 167 1942 guis
192 1866 227 1923 de
250 1865 354 1940 palato
382 1865 548 1923 mittendus
577 1867 622 1923 est
650 1866 681 1924 et
708 1865 863 1940 asphodeli
889 1866 1021 1926 radicem
1043 1882 1160 1926 curt)-

99 1954 163 2013 vini
200 1951 296 2011 sucidi
333 1954 404 2010 sext.
440 1952 472 2009 Π
504 1952 613 2011 deteris
653 1952 814 2031 diligenter
844 1956 875 2012 et
901 1954 1032 2014 farinam
1058 1953 1160 2013 tn*

99 2041 208 2100 ticcam
232 2041 392 2118 diligenter
414 2039 517 2118 cernis,
535 2040 737 2116 rossyriacum
754 2042 787 2100 in
805 2061 886 2119 aqua
903 2043 957 2102 diu
971 2042 1163 2121 decoquifi

101 2130 132 2188 et
155 2128 315 2188 commixta
339 2128 439 2187 omnia
468 2127 627 2206 diligenter
653 2149 707 2205 per
734 2150 767 2190 os
793 2131 931 2191 faucibus
958 2133 1111 2192 infundes
1153 2144 1164 2196 ἰ

100 2235 171 2275 sane
199 2236 259 2276 non
286 2217 418 2276 multum
446 2216 587 2277 ambulet.
631 2219 787 2293 praeterea
813 2223 949 2280 ventrem
978 2240 1059 2298 aqua
1081 2213 1165 2280 est

98 2305 179 2365 nitro
206 2306 370 2384 perfundis,
394 2305 533 2365 similiter
561 2308 592 2365 et
618 2307 741 2365 faenum
768 2310 798 2367 et
824 2308 979 2369 hordeum.
1007 2328 1118 2369 rursu,
1131 2316 1165 2357 S

100 2393 125 2452 si
148 2413 202 2469 per
224 2413 311 2454 nares
333 2395 402 2454 fluit
425 2394 555 2473 sanguis,
580 2413 661 2470 aqua
685 2396 758 2455 satis
776 2396 887 2475 frigida
905 2402 999 2474 caput
1016 2398 1166 2476 ipsiu-5

99 2482 214 2543 fovebis
238 2483 380 2544 adiuncto
403 2483 435 2540 in
459 2502 539 2560 aqua
561 2483 677 2543 modico
701 2484 771 2544 sale.

37 2570 95 2626 309
168 2571 246 2630 Item
260 2573 299 2630 ad
313 2590 363 2631 eos
378 2573 431 2647 qui
445 2572 623 2650 sanguinem
636 2575 770 2632 vomunt.
786 2573 979 2654 absinthium,
999 2576 1168 2652 spicea

101 2660 189 2718 nardi
212 2660 244 2717 in
267 2660 392 2719 caccabo
415 2679 493 2720 novo
516 2660 549 2718 in
571 2680 652 2737 aqua
674 2661 820 2738 decoquas
844 2665 875 2723 et
896 2665 1045 2739 potiones

35 2746 95 2804 310
169 2747 247 2805 ltem
261 2748 287 2805 si
301 2747 424 2826 sanguis
437 2747 548 2807 nimius
561 2769 615 2826 per
628 2768 735 2809 venam
748 2769 921 2826 percussam
933 2742 1170 2830 perruperffl·

101 2834 261 2894 ostioinum
288 2836 434 2896 conterite
462 2837 577 2897 minute
605 2840 636 2896 et
664 2839 807 2915 apponite
839 2841 871 2899 in
897 2842 1035 2921 plagam3
1059 2829 1170 2901 affl

99 2924 125 2981 si
148 2925 285 3003 defuerit,
309 2928 423 2985 stercus
447 2924 542 3002 ipsius
567 2926 637 3002 equi
659 2927 822 2987 fluentibus
840 2930 925 2989 venis
944 2931 1083 2992 admovet
1104 2935 1169 2991 ὀὴ

101 3017 155 3071 eut
179 3014 204 3071 si
227 3014 470 3094 perseveraverit,
493 3015 575 3075 urito
599 3014 752 3075 subtiliter
773 3021 896 3093 propter
918 3037 1034 3079 nervos

149 3258 185 3331 Ι2
206 3254 345 3324 στροβίλια
364 3254 495 3324 ἀριθμῶν
515 3253 555 3326 ιβ’
571 3254 606 3308 Η
633 3256 774 3328 στροβίλια
792 3257 905 3327 ἀρνθμῶ
925 3245 955 3330 ᾧ
970 3259 1021 3330 ΡΙ
1034 3243 1164 3314 ‘1121‘-

100 3322 171 3375 cent
188 3323 320 3391 prodeest
338 3328 453 3393 geneste
467 3327 476 3395 ΙΙ
492 3331 523 3379 12
544 3341 630 3394 equos
649 3344 776 3396 spumam
794 3344 846 3398 per
860 3344 891 3383 oe
906 3329 1030 3385 luxerint
1046 3330 1162 3398 σθ’·

99 3397 169 3448 tasse
188 3410 345 3462 spumae-
356 3394 495 3465 fluxerint)
513 3399 570 3466 1117
590 3395 727 3469 coliandri
741 3401 750 3469 l
766 3404 798 3454 19
818 3400 938 3456 asfodeli
959 3403 970 3471 ΙΙ
996 3407 1031 3458 28
1049 3401 1161 3470 pte·

93 3464 172 3516 terea
182 3466 199 3534 d
209 3470 244 3519 24
262 3465 359 3521 fenum
373 3467 384 3536 ll
398 3471 432 3519 30
450 3466 621 3522 hostioinum
637 3472 643 3538 l
657 3470 766 3542 minute
782 3473 786 3538 Ι
803 3470 863 3542 aut]
883 3487 920 3526 au
