2348 3878
513 95 736 159 ·-80-

54 270 111 326 231
187 261 266 320 Item
287 263 324 319 ut
346 280 423 337 equo
447 260 579 338 ungulae
603 262 744 319 crescant.
785 259 838 318 alii
861 261 998 337 capitula
1021 255 1136 340 <tria>,

121 352 208 409 rutae
225 350 424 427 manipulum,
444 348 586 408 aluminis
604 349 688 407 tunsi
707 368 741 408 ac
759 349 882 408 cribrati
904 381 942 391 —
964 349 1018 428 VI,
1043 369 1136 410 axun-

121 439 189 516 giae
211 438 321 498 veteris
338 458 366 514 p.
386 438 425 516 H,
449 437 586 497 stercoris
605 437 715 496 asinini
732 455 857 496 manum
874 439 1009 513 plenam:
1035 440 1137 499 omnia

121 527 249 587 conteris
273 529 303 586 et
326 526 434 586 cotidie
458 525 560 585 uteris.

54 623 110 680 282
186 616 264 675 Item
292 615 330 674 ad
362 633 495 676 ozaenas.
537 614 639 673 fabam
670 613 774 690 coquis
801 615 833 672 in
862 633 942 690 aqua
970 617 1002 674 et
1029 620 1170 692 posteas

120 707 254 764 conteres
277 723 346 763 cum
368 705 456 764 melle
480 705 511 762 et
533 703 565 761 in
587 721 687 778 panno
710 702 840 762 induces.
879 722 970 762 sanus
993 703 1038 764 fit.

53 800 111 856 233
186 793 265 852 Item
288 793 314 851 si
337 813 355 852 a
377 796 445 853 rota
467 791 620 852 vexaverit
642 785 804 871 (pedem),
826 791 954 850 bulbum
976 793 1084 853 rufum
1107 797 1137 854 et

119 901 262 940 mannam
293 881 371 940 turis
403 881 532 941 conteris
560 883 590 940 et
621 879 763 959 imponis,
794 882 864 956 post
895 881 1024 941 tertium
1057 883 1137 943 diem

121 970 212 1030 solvis
240 970 404 1029 etiterum
432 970 560 1029 similem
587 988 690 1028 curam
712 968 854 1046 imponis3
883 971 952 1044 post
979 971 1136 1050 malagma

119 1058 221 1117 uteris
1148 1077 1168 1116 ro

53 1153 111 1210 234
185 1147 264 1205 Item
287 1147 325 1204 ad
343 1149 492 1206 tumorem
510 1146 628 1222 pedum.
662 1144 819 1221 euphorbii
841 1177 877 1186 —
898 1146 955 1224 HI,
979 1147 1053 1206 salis
1073 1167 1135 1209 sor·

120 1233 183 1291 didi
203 1265 244 1276 -
264 1234 322 1312 III,
355 1235 431 1310 picis
458 1235 591 1310 liquidae
620 1253 694 1311 serp.
714 1234 789 1293 IIII:
822 1235 923 1294 omnia
955 1254 1019 1295 una
1048 1237 1134 1298 deco·

120 1340 193 1398 ques
226 1326 256 1381 et
288 1323 400 1382 tumori
432 1323 629 1383 articulorum
662 1323 895 1399 superimpones.
942 1343 1015 1384 sane
1045 1326 1071 1384 si
1105 1331 1135 1386 et

119 1411 204 1470 dolor
226 1411 259 1469 in
282 1412 417 1471 articulis
441 1416 471 1471 et
498 1412 586 1490 urigo
613 1411 824 1490 permanserit,
851 1412 974 1488 prodest
1002 1416 1134 1475 stercore

118 1499 232 1560 bubulo
256 1501 398 1561 articulos
421 1501 549 1561 inlinire.
587 1500 713 1560 curabis.
1146 1518 1166 1558 ιε

52 1596 108 1652 235
184 1588 233 1647 Ad
264 1589 388 1649 detritas
421 1591 560 1669 ungulas.
602 1591 686 1648 aceto
719 1589 816 1648 calido
844 1590 992 1668 ungulam
1020 1593 1132 1670 foveto,

118 1677 223 1736 deinde
240 1679 428 1738 marrubium
446 1699 515 1738 cum
532 1678 627 1739 veteri
646 1678 778 1756 axungia
796 1679 827 1736 et
844 1678 959 1738 rustico
979 1679 1131 1740 absinthio

117 1766 306 1845 permixtum,
329 1769 461 1845 ungulas
483 1767 666 1842 perfricabis.
702 1766 871 1845 miraberis,
895 1770 926 1826 et
949 1768 975 1826 si
998 1770 1132 1829 volueris

117 1856 265 1933 ungulam
288 1856 424 1933 solidare,
447 1857 503 1914 hoc
525 1855 720 1915 medicamine
744 1857 891 1934 ungulam
913 1857 1087 1931 perfricato.

51 1949 109 2005 236
184 1943 232 2001 Ad
255 1943 453 2002 suffusionem
476 1943 508 2000 in
525 1963 598 2019 rapo
618 1944 695 2019 equi.
730 1945 883 2003 decusscm
901 1944 936 2004 de
956 1946 1036 2006 ferro
1056 1947 1165 2007 faoisa

117 2031 169 2108 ita,
193 2033 230 2088 ut
252 2032 375 2108 sanguis
403 2033 502 2111 exeat,
527 2034 557 2090 et
586 2032 691 2091 nidum
717 2033 886 2091 hirundinis
914 2033 956 2093 sic
984 2036 1074 2114 tolle,
1097 2040 1133 2095 ut

117 2118 247 2194 excipias
270 2138 307 2177 ne
330 2121 442 2179 terram
464 2120 627 2198 contingat.
669 2123 749 2180 hunc
776 2122 808 2180 in
841 2140 921 2197 aqua
950 2123 1080 2184 infunde
1103 2129 1132 2184 et

117 2208 248 2267 colatam
270 2208 394 2267 eandem
417 2228 528 2285 aquam
551 2209 762 2284 pertriduum
785 2211 877 2269 dabis
914 2211 1083 2272 miraberis

51 2304 105 2359 237
184 2294 232 2353 Ad
254 2296 399 2356 famicem.
437 2298 463 2356 si
485 2297 546 2357 ianr
570 2301 674 2373 aperta
696 2298 789 2357 fuerit
814 2298 916 2377 samir,
939 2319 1037 2378 grana
1060 2302 1133 2361 salis

117 2403 186 2443 cum
209 2388 292 2445 aceto
321 2389 441 2462 apertae
469 2388 602 2464 ungulae
630 2387 785 2462 imponito.
823 2388 992 2447 furfuribus
1022 2392 1129 2451 calidis
1142 2404 1164 2444 2⁵

116 2474 264 2551 ungulam
286 2475 386 2534 foveto
410 2477 441 2534 et
463 2479 532 2551 post
555 2476 698 2554 triduum,
722 2477 748 2534 si
770 2476 832 2535 iarn
854 2496 942 2536 umor
964 2478 1059 2539 fluere
1083 2482 1131 2541 de-

118 2562 216 2640 sierit,
240 2564 360 2622 alumen
388 2564 514 2623 scissum
541 2584 610 2623 cum
637 2565 771 2641 sinopide
800 2568 829 2625 et
858 2568 942 2626 aceto
971 2570 1132 2630 commisce

117 2653 148 2709 et
170 2671 254 2726 pona.
293 2671 361 2710 cum
388 2653 488 2712 fervor
515 2653 675 2732 quieverit,
703 2654 860 2730 porcinum
887 2658 1042 2716 veretrum
1066 2660 1132 2719 loco

117 2742 238 2814 apertae
257 2741 389 2817 ungulae
409 2741 582 2800 destillabis.
624 2761 693 2801 cum
711 2763 772 2802 non
790 2743 1014 2823 claudicaverit,
1039 2749 1132 2808 solvis

117 2830 147 2886 et
169 2828 372 2887 bituminabis.
1145 2850 1168 2889 sc

161 3127 164 3133 ·
188 3109 201 3156 1
221 3104 325 3173 ungule
344 3105 485 3158 crescrant
505 3107 509 3172 Ι
531 3103 585 3178 <>
608 3122 642 3159 erc
665 3106 700 3159 H
719 3106 847 3176 esplecin
866 3112 881 3159 3
906 3110 1108 3178 manuplenam
1124 3113 1134 3183 ll

115 3180 132 3226 4
150 3175 329 3243 quotidiano
348 3173 443 3229 ozinas
457 3179 497 3241 119
515 3175 627 3244 inponis
641 3178 650 3245 ll
667 3184 697 3230 11
723 3177 831 3232 euforbi
851 3209 884 3218 -
899 3177 939 3230 ΙΙΙ
957 3179 985 3234 R
1026 3181 1132 3251 εὐφορ-

115 3245 177 3316 βίου
192 3253 225 3312 po
241 3245 270 3317 β’
281 3247 314 3298 Η
320 3247 346 3297 Ρ
359 3248 367 3315 ΙΙ
384 3246 538 3300 12-111R
564 3255 596 3316 γὸ
612 3246 641 3300 d'
653 3248 738 3317 ΗΡΙΙ
752 3253 784 3302 13
795 3249 970 3303 araculorum
985 3253 995 3319 ΙΙ
1011 3257 1044 3304 14
1056 3255 1131 3308 auri·

114 3314 185 3367 culis
201 3317 206 3383 Ι
222 3317 316 3384 rurigo
337 3320 346 3384 ΙΙ
362 3324 394 3371 16
418 3316 559 3386 detritus!
580 3317 684 3374 callido
703 3319 712 3388 ΙΙ
728 3325 760 3372 17
784 3318 909 3374 rusticho
923 3322 933 3389 ΙΙ
953 3327 986 3375 18
1013 3321 1130 3378 mirabi-

114 3383 152 3439 ris
171 3387 180 3454 ΙΙ
199 3391 233 3439 20
252 3386 334 3442 decus
348 3389 357 3456 ΙΙ
371 3393 404 3441 21
423 3388 589 3457 hyrundinis
603 3389 612 3458 ΙΙ
626 3396 659 3444 23
674 3389 816 3444 mirabitis
829 3394 838 3460 ΙΙ
852 3397 887 3444 24
905 3391 975 3463 iam]
995 3394 1056 3448 tam
1071 3395 1081 3463 ss
1097 3401 1130 3450 25

110 3456 224 3510 callidis
244 3459 347 3528 ungule
360 3461 371 3529 ss
385 3464 419 3513 28
438 3461 548 3515 feruore
562 3462 572 3529 ΙΙ
586 3465 620 3514 30
639 3461 823 3516 uitnminabis
