2348 3878
457 90 696 154 -170-

145 247 257 318 urigo]
291 245 470 300 Sarchianius
503 246 651 316 proposuit
679 247 813 316 prurigo,
842 245 890 300 vix
919 247 1008 314 recte,
1030 245 1065 300 cfr.

74 318 143 441 Vffg.
149 318 188 371 111
196 324 229 372 52
241 335 304 372 cnm
319 319 413 373 adnot.
426 316 597 386 Schneideri,
610 316 649 370 VI
659 322 702 373 24.
717 315 864 385 interpreti
877 318 921 372 est
932 317 1066 386 κακοχυμίυ

85 390 126 444 ui
147 392 205 444 ol.

73 392 84 458 i
128 390 202 515 gitis
221 461 256 514 H
270 465 322 514 256
342 458 476 532 βοήθημα
495 456 535 520 εἰς
553 458 584 512 τὸ
608 458 686 513 αὐτὸ.
725 457 783 525 ὄξει
806 461 904 531 θερμῷ
927 458 976 513 τδν
998 458 1065 527 ὄνυχα

74 529 221 584 κατάντλει
239 530 288 584 καὶ
307 530 375 599 μετά
393 539 482 584 ταῦτα
499 529 620 599 πράσιον
639 530 709 599 μετὰ
727 530 879 599 ἀξουμγίου
898 533 1016 584 παλαιοῦ
1031 528 1066 582 καί

74 602 216 671 ἀψινθίου
235 603 336 672 ἀγρίου
355 603 436 670 μίξας
450 600 592 672 ἀπότριβε.
632 602 669 654 Μ
681 606 715 655 98
730 599 790 669 χοιί
810 600 882 670 πρὸς
896 601 998 670 ὄνυχας
1009 595 1066 654 ἔκνι-

74 671 240 742 τριμμένους
254 672 340 726 καλὸν
360 671 501 744 βοήθημα.
536 671 571 726 of.
586 676 646 726 249.
679 672 715 726 de
734 673 875 727 structura
893 671 954 726 dixi
971 673 1004 726 ad
1020 675 1052 726 25.

146 745 203 798 226
225 744 260 797 in
282 744 379 866 νομοί]
407 743 530 797 sirecte
555 741 689 806 traditur,
715 742 868 810 significari
891 743 1002 798 videtur
1016 757 1065 812 pars

74 814 238 883 pedisequi
265 815 342 869 dicta
377 817 484 869 ortasse
508 831 525 867 a
549 811 731 867 similitudine
755 813 817 882 rapi
840 813 886 883 (of.
907 813 966 869 Col.
983 813 1028 867 XII
1043 817 1065 866 ot

75 884 124 939 ubi
136 901 213 954 rapa,
227 883 392 954 priusquam
403 885 579 951 condiantur,
595 883 765 940 decussatim
779 884 949 940 ferramento
964 883 1065 938 lunatico

76 955 232 1079 ἱροίδαοᾶαλ
248 955 309 1025 ait).
346 972 445 1025 rapum
469 955 575 1010 arboris
600 954 674 1024 apud
699 956 795 1010 Seneo.
820 954 903 1025 epist.
923 961 972 1024 86,
987 957 1065 1009 rau.

76 1044 110 1081 c.
148 1045 163 1080 ο
199 1047 216 1078 υ
235 1044 286 1081 ιον.

130 1046 201 1151 γ24δά
222 1098 257 1150 Η
271 1101 323 1151 242
343 1096 408 1150 άλλο
423 1098 616 1164 Πελαγανίου.
646 1090 697 1150 ἐὰν
711 1095 766 1165 ἥδη
784 1095 916 1162 ἤνοικται
929 1097 961 1151 τὸ
974 1094 1066 1165 δλάσμα

78 1171 134 1220 κτλ.
164 1169 201 1220 M
219 1172 252 1220 38
273 1167 318 1225 σς’
337 1168 496 1236 praemittit
513 1169 583 1221 haec
597 1169 697 1222 notatu
717 1166 814 1236 digna,
832 1166 1065 1236 quaemihiPela·

76 1236 199 1305 goniana
217 1237 359 1292 videntur:
378 1239 560 1307 Πελαγωυίου
574 1237 645 1308 πρὸς
658 1237 735 1292 αὐτό.
759 1240 941 1292 δακτυλίδιον
955 1240 1065 1307 σιδηροῦν

72 1307 142 1376 ,ἕχον
170 1307 280 1376 γλάμμα
308 1306 418 1371 λέοντος
441 1309 489 1362 καὶ
517 1304 612 1363 ἐπάνω
637 1307 740 1379 ἀστέρα
763 1308 894 1363 ὑποκάτω
918 1317 967 1378 τῆς
987 1309 1066 1379 γυάλας

75 1377 217 1448 κρέμασον
242 1379 291 1432 καί
317 1379 483 1449 θαυμάσεις,
522 1375 573 1434 ἐάν
599 1379 631 1434 δὲ
654 1379 709 1448 ἤδη
737 1378 868 1446 ἥκοικται
891 1384 948 1434 κτλ.
993 1383 1065 1436 exure

77 1455 174 1505 autem
201 1465 328 1519 gemmas
353 1451 518 1505 exhibentes
547 1450 636 1505 leonis
665 1451 819 1519 stellaeque
846 1450 1001 1522 imaginem
1025 1449 1065 1503 ian

75 1520 202 1576 Millerus
221 1522 375 1576 adnotavit.
405 1521 530 1576 amuleta
543 1521 699 1591 Byzantina
712 1521 849 1591 inscripta
863 1521 1064 1591 Schlumberger.

76 1594 175 1648 Revuo
195 1593 243 1646 des
262 1580 368 1647 Etudes
387 1609 523 1662 greoques
538 1592 563 1645 V
579 1597 647 1647 1892
661 1610 688 1661 p.
705 1597 738 1647 79
758 1609 849 1661 seqq.,
873 1594 1012 1661 recenset,
1032 1587 1066 1645 nbi

76 1665 140 1718 vide
158 1663 296 1732 imprimis
316 1665 447 1732 excerpta
466 1680 500 1718 ex
518 1662 597 1717 Alex.
612 1663 698 1718 Trall.
712 1681 740 1732 p.
751 1669 784 1718 86
799 1681 838 1731 sq.
866 1663 901 1718 cf.
917 1663 1065 1734 fragmen.

148 1734 204 1788 238
223 1735 259 1788 H
270 1740 320 1788 207
336 1736 517 1804 Πελαγουνίον
533 1732 572 1796 εἰς
586 1733 617 1787 τδ
632 1732 700 1787 αὐτά
715 1735 785 1804 (scii.
796 1733 1066 1804 κιρσοάς).στυπτηρίᾳ

78 1804 128 1858 καὶ
146 1809 250 1879 λιπαρᾷ
269 1807 349 1873 (trad.
370 1807 538 1874 στυπτηρίας
556 1809 661 1880 λιπαρᾷ
679 1806 720 1872 H,
750 1808 904 1874 στυπτηρία
924 1810 1024 1875 λιπαρά
1039 1803 1065 1868 Ρ)

77 1875 147 1944 μετὰ
162 1875 243 1940 ὄξους
257 1876 426 1945 δριμυτάτου
440 1877 504 1938 τοὺς
518 1876 608 1938 πόδας
618 1885 738 1944 συνεχῶς
751 1875 894 1948 άπότριβε.
907 1879 944 1932 Μ
949 1883 997 1933 117
1009 1871 1065 1946 ᾒιά

76 1948 256 2014 Πελαυωνίου
276 1947 346 2015 πρὸς
363 1947 482 2017 κιρσούς.

148 2017 205 2070 239
227 2018 264 2068 Μ
282 2022 332 2070 123
359 2018 441 2087 Qop'
470 2019 652 2086 Πελαγωυίου
677 2013 727 2071 ἐὰν
751 2019 837 2080 ίππος
860 2019 978 2088 σύριγμα
1000 2012 1027 2071 ἐν
1043 2018 1065 2082 τῇ
1112 2024 1114 2036 “

77 2085 932 2229 lfhttthtttt“ttulittttttlttttitt
955 2089 1066 2228 ca{iiiiii

78 2226 170 2289 άνδος
181 2228 260 2294 (trad.
273 2227 392 2295 άνθους)
403 2230 461 2296 ὄξει
476 2230 633 2303 δριμυτάτην
647 2230 799 2301 πρόσμισγε
813 2231 862 2284 καλ
876 2181 949 2286 tesi
960 2229 1066 2301 ξηρανδη

77 2297 149 2353 κατὰ
167 2307 216 2352 τοῦ
235 2301 322 2370 (mici)
344 2300 471 2370 σύριγγος
490 2301 599 2374 ἔμβαλε.
637 2302 671 2355 cf.
696 2304 781 2357 etiam
801 2303 983 2371 Hippocratis
999 2313 1066 2355 remo·

77 2370 154 2424 dium
173 2370 256 2440 Hipp.
271 2389 298 2440 p.
314 2377 366 2426 270
386 2375 430 2440 (=
447 2375 484 2426 M
493 2379 543 2427 122
560 2373 660 2442 Qod').

147 2440 205 2495 240
223 2443 259 2496 H
274 2448 326 2497 304
346 2438 396 2497 ἐὰν
416 2445 500 2506 ἵππος
518 2444 567 2498 τὸν
587 2439 688 2498 ἑαυτοῦ
704 2442 781 2498 πόδα
795 2447 943 2512 μασᾶσθαι
961 2442 1066 2513 άρξηιυοΙ

76 2511 183 2582 κόπρον
201 2513 290 2583 ὑγράν
308 2515 394 2577 κυνὸς
411 2515 480 2605 μετὰ
500 2515 580 2596 ὄξους
599 2513 768 2599 δριμυτάτου
782 2511 919 2583 συμμίξας
937 2510 1067 2568 ἕπίπλασσε

77 2585 346 2725 6vwiimocrisiiiniii]7
360 2586 842 2711 iiiiiiriimhasiliiiiitilcinnimietiinui.
870 2655 948 2710 idem
965 2653 1068 2710 traditur

77 2730 138 2790 249,
158 2724 206 2777 sed
225 2741 286 2778 cum
305 2732 379 2780 aceto
398 2729 529 2782 acerrimo
549 2734 591 2782 69.
629 2744 724 2782 acram
743 2743 794 2796 pro
813 2743 902 2782 ocrem
921 2727 1021 2780 dixisse
1032 2721 1068 2776 cn.

78 2794 197 2848 Matium
218 2793 361 2850 Charisius
380 2814 407 2864 p.
425 2803 474 2852 117
489 2797 522 2852 Κ.
541 2800 669 2853 testatur.
689 2798 719 2851 in
738 2797 841 2852 codicis
860 2797 1008 2851 Iustiniani
1022 2809 1068 2848 con·

78 2865 225 2920 stitutione
240 2866 326 2935 impp.
337 2866 532 2922 Valentiniani
546 2867 696 2923 Theodosii
711 2867 824 2922 Arcadii
835 2868 883 2921 Vb
894 2867 982 2923 habes
996 2877 1069 2922 τινοιν

78 2939 227 2993 norissima.
257 2937 292 2991 cf.
309 2938 434 3007 Georges
453 2938 576 2993 Lexikon
596 2939 646 2993 der
664 2939 713 2993 lat.
731 2939 921 2994 Wortformen
936 2957 957 2992 s.
972 2957 997 2992 v.
1015 2951 1069 2993 ασα.

148 3008 203 3063 241
228 3011 263 3064 H
279 3014 313 3063 90
341 3012 522 3078 Πελαγωνίου
545 3010 610 3080 περὶ
633 3005 748 3081 ἐκβολῆς
773 3009 941 3064 σπονδάλου.
977 3017 1070 3079 πρῶτον

77 3079 187 3133 σάπιυνι
205 3080 384 3148 ἀπόπλυνον,
409 3078 571 3135 stretton
594 3081 698 3152 ὀμβρίῳ
722 3082 814 3151 βαλὼν
840 3079 936 3134 ἔλαιον
958 3080 1006 3134 καλ
1023 3077 1071 3132 ὠῶν

75 3151 106 3202 τὸ
125 3151 224 3205 λευκὸν
239 3151 361 3221 ταράξας
379 3154 455 3206 ποίει
473 3151 653 3220 ἀνακόλλημα
672 3151 721 3205 καὶ
739 3159 803 3220 χρῶ.
822 3152 861 3206 Μ
871 3157 923 3207 142
942 3151 1025 3227 ᾳρκη’
1041 3147 1072 3201 in·

77 3219 200 3273 scribens
219 3225 400 3290 Πελαυωνίου
418 3223 488 3292 πρὸς
505 3222 658 3292 τραχήλους
676 3226 785 3291 μουλων
803 3223 873 3293 (sic).

149 3290 203 3342 242
223 3294 256 3344 Η
272 3299 305 3346 91
326 3293 400 3347 ἀλλο.
420 3302 505 3362 συκῆς
522 3293 643 3355 κλάδους
666 3294 766 3362 ξηροὺς
784 3292 891 3355 καάσας
914 3293 963 3347 καὶ
980 3290 1072 3347 sotio

75 3359 127 3428 τὴν
145 3359 252 3429 τέφραν
271 3363 406 3432 καθαράν
425 3366 517 3436 λαβὼν
537 3372 622 3433 σῆσον
640 3369 696 3417 κτλ.
736 3366 773 3417 Μ
792 3371 843 3418 142
862 3365 962 3438 αρκθ’.

143 3430 202 3486 243
225 3432 283 3487 244
311 3434 345 3487 Η
361 3440 394 3489 91
422 3436 492 3504 πρὸς
520 3435 693 3496 σπονδάλους
720 3431 737 3501 ἢ
765 3435 871 3497 νάπους
894 3431 1068 3506 διερᾇγότας
