2310 3876
513 63 732 129 ,88-

120 245 220 304 pscus,
249 230 280 285 et
307 246 360 303 per
387 246 474 287 nares
501 227 686 287 infundimus
715 228 868 293 eiusmodi
895 246 962 295 cura

118 315 258 393 porcinae
282 320 432 393 quantum
455 317 658 378 aestimaveris
680 336 750 378 cum
770 319 838 381 eleo
858 326 891 382 et
908 325 961 384 vin

118 406 254 464 ferveant
277 405 376 484 simul,
405 409 436 465 et
462 407 563 466 uteris.
601 407 774 482 frequenter
801 412 833 469 et
861 413 962 473 medic

118 511 223 554 sumus
246 494 278 552 in
301 494 368 572 ipsa
391 495 545 555 curatione
568 493 617 555 διὰ
640 493 775 574 dictitet>
797 500 962 580 malagma:

117 581 296 645 carbonibus
320 585 385 645 olee
408 584 559 645 communi
580 586 629 646 rel
647 585 770 662 cyprino
794 589 917 651 atinde
936 611 962 652 cs

117 693 186 735 cnm
213 673 325 735 cervice
356 676 387 734 et
418 692 504 733 omne
536 692 642 750 cerpus
674 675 783 736 foveto.
824 683 899 753 pest
927 682 962 740 ha

118 764 307 842 cooperimus
335 763 415 841 sagis
445 766 476 822 et
504 762 536 821 in
566 763 627 822 sele
661 763 757 824 calide
789 766 930 828 sedentes

119 853 239 932 tripode
262 871 358 930 usque
382 852 421 912 ad
448 851 598 931 sudorem,
626 852 765 913 sudorem
792 855 917 917 sabanis
945 860 962 917 d

120 944 288 1022 diligenter,
312 946 343 1001 et
365 959 469 1000 rursus
492 941 557 1018 ipse
579 941 773 1002 medicamine
792 947 962 1023 suprascrip

119 1032 261 1111 ungimus
294 1033 325 1090 et
355 1031 439 1107 pasci
473 1030 683 1107 permittimus.
728 1031 803 1090 haec
834 1033 962 1096 faciente

119 1138 216 1195 nsque
231 1137 300 1179 cum
318 1121 350 1177 et
367 1137 472 1178 curam
490 1119 608 1197 sentiat,
628 1123 658 1178 et
677 1121 788 1180 ceteros
807 1121 890 1182 cibes
910 1124 962 1183 ian

119 1208 296 1285 praebemus
318 1207 477 1267 miscentes
500 1226 570 1267 sane
589 1208 699 1269 hordeo
723 1210 754 1268 et
772 1209 875 1270 ciceris
896 1214 960 1290 aliq

118 1300 227 1375 petum
259 1315 328 1358 eum
357 1296 428 1357 vino
460 1296 674 1373 praebebimus.
721 1297 817 1357 hieme
851 1318 925 1361 sane

118 1387 215 1448 calide
239 1387 313 1466 lece,
336 1386 529 1447 unctionibus
548 1405 640 1462 quam
658 1386 845 1446 calidissimis
864 1393 963 1450 utatu

119 1483 150 1538 et
173 1477 302 1538 eundem
323 1477 398 1556 ungi
420 1476 486 1554 pice
509 1475 625 1552 liquida
648 1495 717 1534 cum
739 1475 804 1536 eleo
827 1479 859 1536 et
878 1497 963 1540 exerc

119 1585 211 1645 supra
230 1567 376 1644 seriptum
394 1570 448 1645 est,
467 1565 509 1625 sic
527 1568 628 1624 tamen
646 1583 683 1623 ne
700 1565 752 1640 pix
768 1566 868 1625 multa
887 1569 963 1628 cerii

120 1676 189 1718 cum
212 1657 374 1717 sudaverit.
402 1655 434 1714 in
462 1656 528 1732 ipsa
556 1657 659 1714 autem
687 1654 863 1714 necessitate
890 1676 963 1731 pass

119 1746 243 1825 guinem
273 1745 428 1805 detrahere
460 1744 568 1803 inutile
601 1745 653 1802 est.
690 1742 780 1801 multi
812 1746 955 1806 cauteriis

118 1834 175 1895 etsi
198 1833 328 1895 eraserit
350 1831 543 1908 cauteriatus,
566 1831 683 1890 inutilis
701 1830 814 1891 viribus
829 1833 887 1892 erit
910 1838 942 1894 et

60 1923 217 1983 ilduinus
239 1918 360 1981 valebit.
403 1916 565 1977 Ostendam
581 1939 650 1980 sane
666 1920 774 1998 quibus
793 1940 829 1980 ex
851 1924 950 1982 causis

118 2007 318 2070 contrahitur:
341 2005 434 2066 nimie
458 2008 520 2066 sele
543 2026 612 2067 cum
635 2011 693 2069 iter
714 2009 788 2069 facit
810 2014 841 2069 et
868 2030 938 2072 cum
962 2046 963 2062 κ

117 2113 209 2158 causa
232 2094 268 2153 de
291 2094 384 2170 priori
406 2095 481 2171 pede
505 2096 721 2158 claudicaverit
743 2102 773 2159 et
795 2100 915 2177 cogitur
938 2122 963 2160 at

116 2187 173 2245 aut
191 2183 345 2244 ambulare
365 2187 395 2244 et
408 2187 531 2261 prepter
548 2187 604 2246 hoc
623 2188 783 2265 sudaverit,
803 2206 963 2265 consequer

116 2273 190 2334 tude
215 2274 419 2352 suprascripta
442 2274 650 2352 subsequitum
673 2280 728 2336 aut
750 2277 846 2336 hieme
869 2297 938 2338 cum

116 2364 223 2425 itinere
247 2368 302 2425 aut
325 2364 537 2425 exercitatione
560 2365 616 2424 sub
639 2365 707 2426 dive
731 2366 763 2424 in
785 2366 895 2443 frigere
924 2387 963 2426 au

115 2453 225 2533 frigide
249 2458 304 2516 aut
326 2456 445 2515 umecte
469 2454 588 2514 steterit
610 2455 718 2513 autin
736 2459 918 2515 marmorato
943 2477 963 2515 a*

115 2545 235 2624 sellate,
262 2545 312 2606 vel
338 2545 450 2622 frigore
476 2543 617 2602 maxillae
645 2542 855 2619 obstupuerint
883 2547 914 2604 et
941 2546 963 2604 ci

114 2634 260 2711 ceperint3
284 2636 315 2692 et
338 2631 363 2691 si
386 2633 463 2693 forte
487 2651 604 2692 armum
627 2632 748 2691 laeserit
770 2636 800 2690 et
822 2636 891 2708 pest
911 2653 964 2694 cur

115 2721 191 2781 armi
214 2721 267 2780 diu
290 2724 346 2780 ant
363 2720 538 2781 dormiverit
557 2724 611 2780 aut
629 2721 660 2779 in
679 2721 744 2796 ipso
764 2739 846 2780 armo
864 2722 964 2782 iacuer

115 2809 349 2888 subsequuntur.
386 2810 460 2869 haec
484 2813 555 2868 sunt
578 2829 655 2886 quae
679 2810 905 2885 opisthotonum
928 2813 964 2871 fa

61 2897 102 2955 ill
181 2901 230 2961 Ad
254 2899 461 2978 opisthotonos
484 2899 611 2975 Eubuli,
639 2899 721 2974 quod
747 2901 793 2958 est
819 2899 929 2958 vitium
958 2923 964 2958 1

116 2990 169 3068 qui
191 2994 272 3050 retro
296 2990 429 3048 trahunt.
468 2987 645 3064 sanguinem
669 2987 704 3045 de
728 2987 840 3047 cervice
869 2989 964 3048 deuel

114 3079 146 3138 in
173 3079 281 3138 balneo
311 3078 399 3138 sudet
427 3081 482 3137 aut
509 3075 701 3135 unctionibus
729 3075 766 3134 iis
799 3080 916 3154 curate,
945 3100 964 3153 q

188 3235 204 3284 2
224 3228 400 3284 estimaueris
414 3231 424 3298 ΙΙ
438 3232 455 3282 4
467 3227 573 3283 curatio
584 3225 808 3282 ὰΙὰΒΑὸΕΜΙΟΥ
821 3229 830 3294 11
844 3231 860 3281 6
875 3227 963 3296 eiprin

115 3299 245 3354 bebimus
264 3297 397 3421 hyemesst
420 3303 454 3352 14
467 3299 622 3370 prodeestfl
637 3302 669 3353 15
685 3299 820 3353 exerceris
833 3301 843 3366 ΙΙ
858 3300 962 3354 loleda

261 3368 361 3439 ‘oeten
396 3369 446 3423 tsi
457 3370 484 3424 R
511 3369 575 3423 atsi
593 3369 688 3424 Sarcb.
706 3370 710 3437 Ι
727 3368 896 3424 cantheritus
919 3373 929 3439 ΙΙ
951 3376 964 3423 t

305 3439 379 3508 lad
397 3439 533 3496 tesselato
546 3441 558 3515 ll
571 3445 606 3496 28
623 3439 720 3495 leserit
732 3441 742 3508 ΙΙ
755 3446 790 3494 30
809 3457 862 3508 que
875 3443 885 3510 ΙΙ
899 3447 932 3496 33
951 3440 964 3493 l
