2310 3876
470 97 665 160 ..4-

67 262 146 320 inter
164 261 245 321 viros
264 261 368 320 doctos
388 260 545 320 constabat
563 260 782 338 intellegetque
802 260 854 336 qui
872 259 1082 318 Florentinam

68 350 232 409 editionem
255 369 323 409 cum
346 368 414 408 mea
437 341 697 431 comparaverit¹).
745 349 862 408 duobus
886 348 971 406 annis
996 351 1081 406 ante·

69 458 161 514 quarn
185 439 277 498 editio
301 438 356 496 illa
382 439 482 497 lucem
504 439 635 516 videret,
663 439 810 515 Iosephus
838 438 874 496 de
902 436 1081 495 Eichenfeld

68 527 309 587 Vindobonensis
332 531 552 587 commentatus
576 530 623 587 est
645 528 808 605 diligenter
830 527 866 585 de
887 525 987 585 codice
1008 525 1082 583 olim

68 616 223 694 Bobiensi,
255 635 334 675 nunc
361 612 588 677 Vindobonensi
618 619 670 693 16,
705 617 790 675 cuius
825 615 1021 691 septuaginta
1049 615 1082 672 et

70 699 507 787 6661611616666161666611).
541 707 562 765 f.
584 707 713 765 37—41
735 723 811 781 quae
831 704 986 763 continent
1000 703 1082 778 frag·

69 797 172 854 menta
184 795 443 872 Hippiatricorum
457 795 635 855 Latinorum
653 795 701 856 rir
718 794 771 852 1116
786 794 892 852 doctus
910 791 1081 867 liquoribus

70 884 209 944 chemicIs
217 903 276 944 non
287 884 430 944 adhibitis
440 876 641 964 extricavit³).
661 883 808 943 tribuitur
818 885 920 941 autem
930 881 1083 957 scriptura

70 973 153 1046 prior
171 973 291 1032 saeculo
305 973 333 1029 V
347 975 398 1034 vel
411 974 452 1032 Vl
460 1021 467 1051 ,
486 974 636 1051 posterior
649 973 770 1032 saeculo
784 971 859 1030 VIII
873 970 922 1030 vel
936 969 987 1028 IX.
1020 969 1083 1026 iarn

71 1059 152 1120 edito
176 1061 344 1119 Sarchianii
367 1062 443 1122 libro
467 1082 536 1122 cum
552 1062 711 1141 Pelagonii
729 1062 900 1138 fragmenta
919 1076 983 1117 esse
1002 1057 1083 1115 idem

70 1148 117 1209 vir
139 1148 278 1226 vidisset,
307 1150 446 1211 editionis
469 1152 553 1211 illius
577 1171 734 1211 censuram
757 1149 877 1226 scripsit
904 1147 1083 1205 lectionum·

72 1257 130 1313 que
153 1237 391 1298 Vindobonensis
415 1243 446 1299 et
464 1241 654 1300 Riccardiani
673 1241 808 1301 codicum
827 1236 1084 1313 comparationem

71 1326 206 1385 instituit
238 1346 292 1386 nec
323 1347 384 1386 non
416 1329 477 1387 alia
509 1330 657 1406 quaedam
690 1331 726 1389 de
758 1326 923 1404 Pelagonio
952 1324 1082 1401 Vegetio

71 1414 267 1491 HippiatricIs
291 1415 413 1476 Graecis
431 1418 553 1478 utiliter
571 1410 753 1499 dIsseruIt4).
791 1419 863 1476 sunt
881 1417 982 1473 autern
1001 1413 1084 1489 frag-

70 1507 174 1564 menta
202 1505 336 1582 capitum
363 1505 476 1584 XXVI,
504 1508 647 1587 XXVIII,
675 1505 829 1566 XXVIIII.
867 1503 966 1578 capita
993 1501 1084 1577 longe

72 1593 163 1653 aliter
185 1599 344 1655 numerata
366 1596 460 1656 fuisse
484 1617 575 1674 quarn
602 1598 633 1656 in
661 1595 857 1656 Riccardiano
881 1591 998 1650 numeri
1022 1589 1082 1647 duo

72 1683 366 1829 servdatitOXLVIII,
387 1684 555 1745 OXLVIHI
575 1680 631 1766 (=
650 1687 724 1745 408.
739 1687 802 1744 409
823 1700 907 1741 meae
927 1670 1084 1760 editionis)

71 1789 125 1845 pro
147 1791 211 1830 un.

149 1976 175 2043 1)
195 1973 325 2030 Codicem
346 1977 453 2032 excussi
472 1983 582 2034 61866
614 1978 710 2049 capita
724 1978 830 2032 selecta
842 1971 994 2044 recognovi
1012 1987 1086 2025 anno

77 2044 125 2113 qui
140 2046 250 2100 secutus
261 2049 312 2102 est.
331 2021 764 2106 mendaeditionieilorontinae
774 2048 845 2102 talia
855 2048 931 2101 sunt:
952 2048 984 2096 18
991 2043 1087 2112 pelves

79 2118 234 2186 Pelopooic
252 2121 390 2188 propicior
414 2121 513 2190 (codex
528 2123 624 2193 pelvis
643 2121 776 2192 Pelopouc'
794 2117 950 2188 apopores),
974 2120 1007 2168 66
1025 2131 1087 2182 per-

74 2189 190 2242 mixtam
206 2190 276 2255 (cod.
289 2192 448 2262 pluralem),
468 2199 502 2248 98
521 2194 652 2249 columbis
671 2194 743 2262 (eod.
759 2191 904 2257 collocbo),
925 2191 974 2240 127
994 2201 1088 2240 servus

74 2259 148 2326 (eod.
163 2260 297 2329 ieiunae),
317 2267 351 2316 43
366 2263 397 2316 in
411 2265 506 2333 pedem
521 2265 592 2334 (cod.
607 2265 752 2334 incedere),
773 2266 824 2317 168
838 2261 954 2327 fasciam
967 2257 1088 2311 mendae

74 2347 177 2456 caepae}
192 2331 281 2470 {pcipe
300 2333 371 2400 (cod.
390 2335 483 2404 faccee
505 2337 605 2392 munde
623 2334 803 2406 6666616666),
827 2337 879 2386 362
898 2326 1086 2394 1666160661.

74 2418 165 2456 cumen
178 2419 196 2456 6
225 2418 289 2456 are.

146 2477 174 2541 2)
201 2473 376 2528 Jahrbiieher
403 2476 453 2530 der
480 2476 624 2532 Literatur
651 2476 782 2545 (Vindob.
805 2476 885 2539 1824)
913 2469 969 2524 vol.
995 2467 1087 2522 XXVI

74 2543 273 2612 Anzeigeblatt
299 2562 326 2613 p.
351 2553 385 2601 20
400 2563 456 2615 seq.
499 2546 667 2618 subscriptio
690 2548 734 2602 est
756 2545 841 2600 Lc'bcr
863 2543 953 2597 sancti
982 2538 1088 2594 (lolem-

75 2616 144 2669 bcnc'
170 2616 203 2669 dc
229 2615 327 2671 Bebe‘o.
365 2634 399 2670 ex
425 2620 596 2674 monasterio
624 2617 812 2687 Neapolitano
841 2613 868 2668 S.
890 2611 1021 2666 Iohannis
1052 2611 1088 2664 de

76 2685 248 2741 Carbonaria
265 2687 420 2742 translatus
448 2692 492 2744 est
518 2691 546 2743 in
573 2688 773 2743 bibIIothecam
798 2685 959 2740 Palatinam
981 2681 1088 2735 Vindo-

75 2757 236 2812 bonensem.
263 2758 303 2812 st.
318 2757 481 2826 Endlicher‚
496 2759 586 2816 Catal.
600 2761 681 2814 codd.
691 2759 753 2813 latt.
766 2753 957 2811 bibliothecae
967 2752 1088 2807 Vindob.

75 2829 112 2897 (a.
129 2829 209 2898 1836)
227 2847 253 2882 n.
265 2826 415 2883 CCCXXII.
438 2829 563 2884 Tabulae
578 2831 658 2885 codd.
673 2845 723 2883 ms.
739 2826 927 2883 bibliothecae
940 2823 1060 2879 Vindob.
1076 2821 1089 2874 I

77 2901 170 2980 (1864)
190 2919 216 2952 6.
233 2905 274 2953 16.
305 2901 380 2953 idem
395 2899 521 2954 continet
534 2895 640 2955 Lucani
653 2898 819 2954 Pharsaliae
836 2899 997 2966 fragmenta
1014 2894 1087 2948 anti·

76 2986 220 3038 quissrma.

148 3042 176 3110 3)
197 3040 335 3094 Accurate
359 3040 564 3111 diligenterque
587 3040 811 3096 Eichenfeldium
836 3037 995 3107 fragmenta
1013 3034 1090 3090 lectu

76 3109 205 3165 difficilia
215 3111 396 3179 descripsisse
407 3129 470 3166 cum
485 3113 601 3167 Carolus
611 3112 734 3166 Schenkl
746 3110 818 3164 mihi
832 3110 899 3164 olim
912 3123 963 3177 per
976 3107 1088 3160 litteras

78 3180 232 3237 affirmavit
249 3185 310 3235 tum
323 3180 385 3250 ipse
403 3199 503 3251 nuper,
524 3200 585 3236 cum
600 3183 725 3237 codicem
739 3183 939 3247 examinarem,
959 3180 1089 3246 expertus

77 3272 147 3309 sum.
179 3253 214 3306 de
232 3251 330 3321 paucis
349 3251 515 3321 quibusdam
534 3268 606 3320 quae
625 3251 709 3307 aliter
727 3253 849 3322 legenda
867 3266 927 3306 esse
946 3248 1042 3305 censui
1059 3247 1090 3302 in

77 3324 263 3380 adnotatione
282 3321 381 3376 critIca
399 3323 506 3376 dictum
524 3326 576 3378 est.

150 3397 178 3462 4)
202 3391 323 3446 Annales
341 3390 550 3447 Vindobonens.
574 3398 609 3446 44
631 3411 659 3462 ρ,
681 3397 729 3446 141
747 3410 803 3462 seq.
829 3393 874 3462 (cf.
893 3392 1092 3463 Anzeigeblett

77 3486 105 3540 p.
125 3472 160 3521 46
174 3466 242 3534 seq.)
