2310 3876
484 61 702 127 ,16-

86 228 124 286 ab
147 219 304 303 a3701),
327 226 494 285 consularis
517 227 568 287 vix
590 226 670 286 idern
692 226 832 289 iudicari
856 237 969 310 potest
990 232 1093 313 quisnl

85 314 284 375 Constantino
314 318 464 375 corrector
497 315 617 375 Siciliae
647 316 716 375 fuit.
761 336 782 375 a
816 324 985 383 consulari
1014 326 1094 383 auten

84 423 144 463 uon
167 405 320 464 diversum
343 422 406 462 esse
431 404 589 482 Pelagouii
611 404 743 465 amicum
766 409 910 471 eundem
933 413 1033 474 virum
1050 413 1092 471 ela·

83 485 267 575 rissimum²)
286 494 346 551 iam
365 493 549 572 Borghesius
567 494 678 553 statuit
695 512 796 571 neque
815 503 937 573 postea
955 502 1093 579 quisquan

84 581 242 642 oblocutus
273 575 361 663 est3).
406 583 443 642 de
474 582 581 642 ceteris
611 582 723 659 quibus
751 600 845 644 curas
881 590 1091 667 massamque

84 672 270 749 conscriptas
292 672 420 732 tradidit
442 672 640 750 Pelagonius,
664 664 858 753 Festiauo‘),
888 676 1029 758 Falerio,
1052 679 1091 737 se

82 762 185 839 piano,
210 763 327 822 Lucilio
335 754 375 842 ⁵),
399 761 537 838 Astyria,
560 760 637 819 nihil
659 759 735 819 certi
756 761 918 824 traditum
944 772 999 828 est.
1040 785 1091 845 pro

83 849 181 910 babile
195 856 297 911 tamen
316 852 392 909 duco
412 868 482 909 curn
499 849 665 926 Borghesio
683 848 846 924 Astyrium
866 852 939 915 sive
952 855 1092 917 Asteuuu

82 940 182 1014 gentis
211 940 338 998 turciae
365 939 472 1015 fuisse,
500 940 628 997 fortasse
656 937 689 997 L.
714 937 864 998 Turcium
891 941 1092 1020 Apronianum

81 1027 237 1084 Asterium
263 1027 451 1102 praefectum
478 1027 561 1085 urbis
589 1046 615 1085 a.
636 1030 713 1104 363,
741 1026 780 1086 ad
807 1047 905 1104 quem
937 1034 1039 1094 edicta
1056 1051 1091 1092 re

80 1114 222 1172 feruntur
248 1115 284 1172 de
311 1115 471 1190 pecoribus
498 1115 661 1175 vendendis
690 1119 721 1174 et
748 1114 784 1173 de
812 1119 932 1180 suariis
962 1121 1043 1183 011.
1058 1118 1091 1179 tl

84 1204 178 1262 1770.
205 1195 331 1284 17716).
369 1222 446 1280 quae
466 1203 567 1262 omnia
590 1203 757 1279 generatim
780 1203 949 1284 Pelagonii
972 1213 1090 1271 aeuum

80 1291 270 1369 confirmant,
303 1292 455 1368 scripsisse
489 1311 557 1350 eum
588 1295 658 1365 post
690 1293 823 1352 medium
855 1299 1023 1361 saeculum
1048 1296 1090 1373 It,

80 1400 178 1458 neque
201 1383 304 1441 tamen
327 1382 485 1442 certiorem
507 1381 652 1456 temporis
675 1381 883 1457 definitionem
905 1388 1088 1462 permittunt.

78 1477 201 1546 praeter
222 1473 391 1550 Apsyrtum
410 1492 426 1532 e
446 1471 568 1533 Graecis
586 1471 783 1546 scriptoribus
802 1473 935 1533 maxime
961 1474 1089 1536 adhibuit

79 1559 250 1641 Eunrelum
266 1564 324 1623 etsi
337 1583 488 1640 nusquam
500 1553 677 1642 nominatl).
702 1562 856 1619 auctorem
866 1563 1088 1642 philograecuu

78 1668 139 1709 uon
170 1671 268 1728 pauca
299 1652 448 1711 vocabula
480 1650 595 1710 Graeca
627 1651 848 1727 demonstrant,
886 1653 997 1728 qualia
1028 1654 1087 1715 sunt

151 1871 178 1936 1)
196 1868 386 1924 Mommsenus
405 1868 480 1937 apud
495 1855 704 1926 Lachmannum
723 1871 848 1926 Gromat.
867 1871 931 1929 Lat.
947 1875 974 1928 Il
992 1894 1022 1946 p.
1036 1878 1086 1930 207.

150 1944 177 2006 2)
197 1940 232 1994 cf.
253 1938 334 2008 epist.
353 1945 545 2010 coelestesque
563 1959 623 1998 sum
640 1960 680 1997 me
699 1958 732 1997 ese
750 1947 801 1996 tua
819 1943 948 2000 claritate
966 1948 1068 2014 llorere

149 2012 178 2078 3)
197 2008 231 2063 cf.
252 2009 347 2079 Pelag.
367 2017 414 2065 27:
439 2013 519 2067 aliaol
537 2015 610 2082 quael
628 2014 705 2082 apud
726 2013 828 2068 Tuscos
847 2021 986 2073 coactores
1004 2023 1086 2074 aster

76 2095 175 2134 conam
192 2097 240 2150 epo
258 2082 355 2136 didici.
393 2084 575 2151 Araygiorum
596 2086 771 2154 epigramma
793 2083 824 2136 iu
843 2085 905 2138 basi
924 2087 1036 2144 Romae
1052 2105 1088 2143 re·

77 2152 159 2217 perta
182 2151 317 2221 scriptum
342 2152 433 2208 edidit
458 2155 581 2210 Huelsen
606 2156 624 2210 l.
645 2173 667 2211 e.
691 2174 718 2225 p.
739 2160 791 2210 496
814 2155 859 2225 (=
877 2154 985 2213 Kaibel
1007 2160 1086 2215 lusca

76 2218 199 2277 Graecae
217 2240 245 2278 n.
265 2229 340 2279 968a
358 2223 485 2282 Addend.
504 2245 531 2295 p.
546 2228 617 2294 696).

148 2297 176 2361 4)
195 2293 239 2347 Ad
253 2295 327 2350 hunc
340 2295 477 2364 plurimas
495 2296 576 2351 misit
589 2297 725 2367 epistulas
740 2299 777 2367 (v.
792 2297 870 2363 inda.
899 2314 934 2352 ex
948 2315 1014 2371 cap.
1028 2298 1088 2356 XIV

77 2363 237 2433 colligimus
251 2365 436 2436 Pelagoniam
449 2385 505 2422 non
523 2368 608 2423 modo
622 2369 701 2438 equis
716 2367 801 2424 amici
815 2367 864 2422 sed
878 2367 943 2437 ipso
956 2371 1087 2428 Festiano

75 2435 136 2488 viro
155 2436 312 2492 clarissimo
333 2441 396 2508 (216
416 2439 586 2510 ‘congruum
606 2442 661 2508 est,
685 2442 718 2494 ut
736 2440 771 2494 de
789 2438 894 2493 lumbis
913 2441 943 2494 et
961 2443 999 2497 de
1017 2443 1088 2498 reni·

75 2505 127 2559 bus
151 2510 228 2577 apud
251 2509 404 2564 claritatem
426 2516 504 2566 tuam
526 2527 616 2580 pauca
635 2511 789 2580 dicamus')
813 2510 925 2565 renibus
950 2511 1088 2570 dissoluto

74 2576 230 2632 medicinas
247 2579 419 2648 praebuisse.

146 2653 173 2719 5)
197 2651 327 2704 Fortasse
345 2650 422 2705 idem
441 2655 485 2707 est
503 2653 632 2709 Lucilius
651 2652 829 2709 Constantius
846 2669 871 2708 c.
891 2669 913 2707 e.
932 2657 1088 2712 consularis

77 2719 195 2776 Tusciae
208 2727 234 2776 et
251 2721 379 2778 Vmbriae
398 2723 475 2778 tituli
488 2724 624 2780 Lunensis
638 2741 728 2793 nuper
745 2723 863 2795 reperti,
882 2721 994 2781 Notizie
1010 2725 1086 2797 degli

73 2793 151 2847 soavi
170 2797 239 2849 1890
257 2812 285 2862 p.
300 2799 361 2847 377.

146 2869 174 2935 6)
197 2866 273 2920 Bene
291 2863 439 2920 Henzenus
458 2867 494 2921 ad
513 2866 589 2922 CIL.
608 2867 647 2922 VI
668 2873 744 2924 1772.
762 2873 830 2922 1773
846 2867 964 2921 adnotat
983 2867 1085 2924 Valen-

72 2936 212 2991 tinianum
227 2940 257 2991 et
271 2937 421 2990 Valentem
434 2937 620 2993 rescribentes
636 2938 672 2993 ad
685 2940 895 2994 Praetextatum
909 2938 1086 3007 praefectum

71 3006 149 3061 urbis
172 3023 196 3061 a.
217 3006 331 3079 367l368
351 3004 418 3063 (lod.
438 3008 544 3063 Theod.
564 3016 611 3079 14,
631 3015 660 3077 4,
679 3015 697 3063 4
725 3012 824 3080 quibas
851 3012 882 3064 irs
909 3011 989 3065 rebus
1012 3012 1086 3068 illud

69 3079 453 3205 titttrlttttl.
472 3081 622 3219 {illidi
640 3082 1085 3208 lm‘l'llltmn‘lttilillitll

69 3209 176 3270 tionem
195 3217 287 3272 faeere
311 3221 343 3273 ut
365 3217 395 3272 id
418 3168 515 3289 paicis
535 3221 615 3276 annis
639 3221 829 3275 antefactum
852 3239 913 3276 esse
933 3226 1083 3293 appareat3

68 3293 96 3330 11·
114 3290 181 3342 1771
202 3289 297 3342 autem
311 3289 435 3344 eiusdem
451 3308 511 3347 esse
524 3291 662 3361 praefecti
680 3305 713 3345 ac
730 3296 797 3345 1770
817 3293 1002 3350 similitudine
1016 3313 1083 3365 pro-

67 3342 131 3406 btri
150 3358 317 3425 argumenti.

143 3431 171 3493 7)
190 3426 262 3484 Vide
282 3430 432 3488 comment.
452 3445 475 3486 e.
494 3447 534 3501 gr.
554 3434 590 3487 ad
611 3437 670 3486 171.
692 3436 750 3485 193.
770 3436 873 3502 204sq.
894 3436 947 3489 eet.
