2310 3876
470 88 688 153 ..30-

190 252 219 310 V
243 251 339 311 Curso
370 252 408 310 ad
436 254 528 329 caput
555 253 604 312 vel
631 251 670 311 9(1
698 251 809 328 ospitis
840 254 982 316 dolorem
1006 255 1072 317 9191

241 341 409 418 glandulas

173 429 218 488 VI
240 429 383 489 Remedio
406 429 446 488 od
467 432 565 489 tusses
589 447 689 490 omnes
713 428 762 490 vol
787 429 827 489 nd
852 433 969 493 vulsos.

157 518 217 577 VH
241 517 337 578 Curae
361 519 400 577 sd
424 519 588 594 strophum.

143 607 218 665 VIII
242 606 338 667 Curae
362 608 401 667 9(1
424 607 575 683 dysnrian.

126 695 218 755 VIIII
240 697 285 756 Do
309 698 390 756 19999
414 697 501 756 (19999
525 698 556 754 91
578 696 614 754 (19
637 696 699 771 pilo
721 694 820 754 totius
843 699 993 774 corporis.

191 786 219 844 X
240 785 289 845 Ad
308 805 358 846 sos
377 785 488 861 quibus
506 784 640 844 membro
659 782 803 843 deficiunt
821 787 854 844 91
874 788 917 846 ad
935 787 1071 847 bulimnn

173 875 217 933 XI
240 873 337 934 Curae
361 875 399 932 od
421 874 549 933 flemina.

158 963 217 1020 XII
241 961 336 1021 Ourso
361 963 400 1020 9(1
422 962 593 1039 suspiiium.

142 1051 217 1108 XIII
240 1049 337 1109 Curae
361 1051 400 1108 91
421 1051 587 1127 hydropem
605 1050 653 1110 vol
676 1049 715 1108 sd
734 1050 869 1125 splenem
894 1055 928 1111 91
952 1053 992 1113 ad
1013 1056 1071 1129 tyn·

240 1139 416 1214 panitioum.

128 1225 219 1284 XIIII
241 1226 319 1285 Itsm
337 1227 372 1285 (19
391 1225 502 1284 lumbis
515 1228 565 1286 vol
583 1228 618 1287 (19
636 1226 767 1305 renibus,
784 1227 868 1287 coxis
887 1232 946 1288 991
964 1229 1071 1308 gambis

162 1314 218 1373 XV
240 1314 318 1374 Item
341 1315 376 1374 de
401 1313 538 1374 articulis
560 1318 609 1375 vol
632 1317 668 1376 (19
691 1314 818 1392 podibus
841 1317 891 1377 vel
916 1320 1004 1380 oollo.

146 1403 219 1464 XVI
242 1402 338 1464 09999
362 1404 401 1464 ad
424 1422 557 1464 ozaenas.

127 1494 215 1554 XVII
238 1494 287 1554 Ad
309 1494 524 1572 opisthotonos.

114 1584 217 1644 XVIII
239 1585 284 1644 Do
308 1584 455 1645 dentibus

97 1673 216 1733 XVIHI
239 1673 450 1733 Praeoantatio
474 1672 514 1732 ad
536 1688 629 1748 equos
652 1670 814 1731 hordiatos.

164 1763 220 1822 XX
242 1763 287 1820 Do
310 1762 405 1819 muris
425 1760 528 1819 aranei
545 1777 649 1820 morsu
666 1760 716 1820 vel
734 1759 770 1819 (19
789 1778 938 1835 percussu
961 1763 1072 1839 phalan-

240 1848 338 1926 gionis
361 1849 410 1908 vol
433 1848 561 1924 viperae.

145 1937 216 1995 XXI
240 1936 336 1995 09999
365 1938 395 1994 91
423 1937 560 2011 potiones
593 1936 632 1995 91
662 1936 772 1996 9911999
803 1937 852 1995 vol
886 1939 925 1996 ad
951 1959 1002 2000 eos
1033 1936 1094 2015 qui!

238 2025 326 2083 19999
349 2024 429 2085 malo
453 2025 623 2085 laeduntur.

132 2112 219 2172 XXII
240 2113 285 2172 Do
309 2114 422 2173 999199
445 2114 622 2174 mobilitate.

116 2201 219 2261 XXIII
240 2201 440 2262 Medicamina
464 2204 502 2261 ad
524 2203 623 2263 robur.

97 2290 215 2352 XXIIII
237 2290 286 2350 Ad
309 2310 359 2351 sos
387 2292 441 2368 qui
468 2292 646 2370 sanguinem
673 2292 788 2351 meiant
816 2297 871 2352 991
898 2299 1011 2355 999991
1032 2295 1078 2354 991

237 2400 291 2458 per
313 2399 399 2440 nares
426 2381 554 2441 mittunt
582 2382 637 2439 991
667 2384 795 2440 vomunt
822 2384 877 2440 991
904 2383 931 2441 si
960 2384 1102 2464 sanguin⁵

236 2469 348 2529 nimius
371 2489 425 2546 per
446 2489 555 2530 venam
577 2487 749 2546 percussam
773 2470 885 2531 exierit.

131 2559 215 2617 XXV
236 2559 282 2619 De
305 2558 481 2619 vulneribus
503 2560 552 2620 vel
575 2559 612 2618 (19
635 2558 813 2635 emplastn's.

116 2648 216 2706 XXVI
236 2648 282 2708 Ι)9
306 2647 412 2708 scabis.

102 2736 216 2796 XXVII
238 2737 284 2796 De
307 2737 452 2813 lethargo.

85 2825 215 2884 XXVIII
237 2825 379 2885 Potiones
403 2841 504 2884 omnes
528 2826 559 2882 91
582 2825 820 2901 omnitempore
843 2828 1039 2888 necessariae.
1092 2840 1111 2881 9

66 2912 212 2974 XXVIIII
235 2915 281 2973 Do
303 2913 386 2972 rabis
409 2914 459 2972 vel
477 2913 513 2971 (19
533 2931 623 2972 cursu
641 2915 732 2973 19999
751 2915 799 2973 vol
818 2913 854 2974 (19
872 2914 992 2975 1999919
1012 2917 1082 2994 oqui

236 3004 285 3064 vel
308 3004 344 3062 (19
368 3001 544 3078 paralytico.

130 3092 213 3151 XXX
236 3091 332 3152 Curso
356 3092 513 3151 oculorum
536 3108 646 3150 omnes,

138 3240 313 3311 tglsndolos
328 3242 496 3311 1491991991
511 3244 521 3314 1
536 3241 643 3310 619991
659 3247 691 3296 10
701 3241 925 3312 tympanetioum
939 3244 949 3314 1
964 3249 1082 3300 119919-

67 3310 185 3380 119114
204 3311 322 3383 9919991
338 3319 370 3368 15
391 3313 582 3383 opisthotonis
595 3317 605 3380 1
620 3317 653 3367 18
673 3311 842 3383 [9199319919
860 3316 894 3369 91
912 3314 941 3369 R
956 3317 1083 3384 (fortasse

68 3386 120 3437 991
133 3389 165 3439 ut
179 3384 270 3452 infra)
283 3387 292 3451 1
307 3389 438 3439 wentae
453 3385 488 3439 ad
503 3385 633 3454 potiones
648 3384 678 3439 et
692 3383 795 3440 colicos
808 3386 819 3455 1
832 3390 866 3440 21
881 3387 946 3441 feno
963 3389 968 3456 Ι
984 3386 1082 3443 ledun-

66 3455 187 3524 199131
207 3451 317 3528 insanio
335 3454 385 3524 qui
