2348 3878
458 133 676 200 „47-

56 258 176 379 aquam·
196 298 328 358 mulsam
350 297 442 358 facito
471 298 507 358 de
533 298 632 358 mellis
661 277 855 378 cyathislll,
878 262 991 376 piperis
1011 296 1077 360 'albi

58 411 89 467 p.
109 388 138 467 I,
170 387 250 448 croci
277 386 378 467 scrip,
402 387 465 463 apii
497 387 618 447 seminis
642 388 728 463 scrip.
753 387 797 447 11:
825 389 899 448 haec
929 390 1076 450 conterite

57 479 93 539 et
116 476 188 536 dato
210 494 265 553 per
288 493 329 535 os.

125 564 176 624 lu
207 562 316 641 eapitis
348 563 567 642 purgationem.
619 565 735 624 malum
766 567 905 625 terrestre
937 566 1014 644 legis
1045 557 1125 627 et52

24 653 148 716 olindis
166 652 199 712 in
215 652 330 713 multas
348 654 450 729 partes
468 655 500 712 et
518 655 623 713 eontra
641 653 735 713 solem
753 656 808 712 aut
825 654 857 712 in
873 655 962 714 fumo
982 654 1075 715 eieeas

54 745 89 804 et
111 741 216 802 tundis
239 741 272 801 in
298 741 362 818 pilo
389 759 555 802 marmoreo
584 741 745 821 diligenter
771 745 803 801 et
829 742 924 802 cernis
953 746 984 802 et
1005 742 1075 802 inde

54 833 153 909 caput
174 848 295 909 purgas.

125 920 204 979 Item
231 918 323 978 aliud.
365 917 496 977 farinam
526 918 717 978 hordeaciam
748 938 818 979 cum
846 919 990 997 pastilliS,
1020 920 1124 996 quiea

54 1007 256 1085 suprascripti
278 1009 358 1085 sunt,
381 1025 436 1082 per
458 1009 616 1085 aestatem,
641 1008 666 1066 si
693 1027 747 1083 per
774 1007 915 1086 hiemem,
939 1027 1008 1068 eum
1030 1009 1075 1068 fa-

10 1118 40 1160 ro
53 1099 126 1157 rina
150 1095 271 1156 triticea
292 1095 397 1155 eodem
418 1095 506 1155 modo
530 1096 621 1155 dabis.

59 1216 67 1222 -
125 1185 204 1245 Item
226 1184 253 1244 ei
280 1201 368 1243 aures
396 1183 560 1262 doluerint,
588 1184 764 1263 diligentius
792 1188 911 1264 curato,
939 1207 976 1246 ne
1000 1181 1122 1265 <in>54

56 1273 211 1335 insaniam
232 1274 433 1334 convertatur.
467 1275 537 1332 ante
561 1273 661 1333 emnia
685 1273 773 1333 debes
802 1274 962 1353 diligenter
985 1293 1073 1336 aures

56 1380 200 1442 purgare,
222 1380 259 1421 ne
283 1360 358 1438 quid
379 1361 559 1421 intrinsecus
580 1362 628 1440 sit,
652 1362 734 1439 quod
757 1366 812 1422 aut
830 1363 963 1422 delerem
979 1364 1074 1423 faeiat

58 1453 118 1512 aut
138 1450 248 1510 laedat.
285 1450 312 1509 si
333 1449 411 1508 nihil
432 1449 541 1510 herum
562 1449 650 1528 inest,
674 1451 832 1527 spongiam
853 1452 975 1511 mollem
994 1452 1073 1512 nitro

10 1558 42 1601 re
56 1543 90 1601 et
113 1557 195 1616 aqua
215 1540 399 1598 maceratam
425 1537 457 1596 in
485 1539 653 1598 auriculam
684 1537 799 1598 mittito
832 1540 863 1598 et
893 1557 956 1598 una
988 1542 1074 1599 noete

56 1628 165 1690 eadam
186 1627 314 1705 spongia
336 1627 369 1685 in
392 1626 530 1687 auricula
548 1629 725 1704 perseveret.
762 1628 882 1703 postero
906 1626 953 1685 die
972 1627 1074 1687 fovete

57 1736 166 1778 aurem
187 1715 267 1775 nitro
292 1718 322 1775 et
345 1734 425 1792 aqua
448 1715 555 1793 calida,
578 1733 675 1790 usque
698 1733 767 1774 eum
790 1715 875 1775 dolor
893 1714 1039 1774 elimetur.

127 1806 206 1864 Item
228 1803 254 1863 ei
277 1823 358 1881 aqua
380 1804 474 1864 fuerit
501 1805 532 1862 in
561 1822 665 1864 aurem
688 1803 835 1882 ingressa,
866 1804 966 1863 oleum
988 1805 1123 1870 vetuste

57 1897 91 1954 et
123 1896 244 1953 acetum
276 1893 380 1970 aequis
416 1893 598 1969 ponderibus
631 1892 747 1953 adiecto
785 1893 865 1953 nitro
901 1893 933 1951 in
972 1912 1076 1953 aurem

14 2000 43 2041 ro
56 1982 175 2043 mittito
199 1983 230 2040 et
251 1982 354 2041 lanam
377 1981 622 2058 superimponito.
660 1982 687 2041 si
709 1982 835 2042 vulnera
855 1983 952 2060 erunt,
975 1983 1075 2058 lipara

56 2072 214 2132 curantur.

125 2159 158 2219 Si
181 2176 277 2235 equus
307 2159 467 2237 glandulas
493 2159 634 2218 habuerit
663 2159 742 2219 inter
767 2161 919 2237 maxillas,
947 2160 1117 2224 eximit056

55 2249 145 2309 ferro.
183 2247 209 2306 si
230 2265 349 2307 necesse
376 2248 481 2326 fuerit,
510 2251 540 2307 et
566 2248 662 2325 urite,
690 2250 794 2306 ustum
821 2251 926 2308 curate
955 2249 1016 2307 sale
1040 2251 1072 2308 et

55 2338 123 2398 eleo
147 2336 253 2396 diebus
277 2337 357 2412 eote;
387 2335 456 2396 inde
483 2337 563 2396 nitro
588 2340 619 2396 et
642 2355 722 2413 aqua
750 2336 871 2414 diluite,
900 2336 926 2394 si
956 2337 1072 2395 nitrum

15 2441 118 2486 renen
139 2425 242 2503 fuant,
264 2424 340 2484 lotio
359 2424 456 2484 aalide
480 2427 535 2484 aut
556 2425 657 2485 lixivo.
694 2427 764 2501 pest
786 2425 891 2484 vinum
913 2443 981 2485 eum
1006 2427 1071 2485 oleo

55 2517 89 2575 et
110 2513 243 2573 farinam
265 2512 301 2572 de
325 2532 394 2573 ervo
417 2513 564 2590 imponito
591 2533 645 2589 per
672 2513 821 2591 triduum,
849 2511 917 2572 inde
946 2514 1016 2573 vino
1041 2516 1072 2573 et

55 2602 157 2662 farina
178 2601 339 2662 hordeacia
362 2604 466 2662 curato
489 2620 586 2679 usquc
610 2602 649 2661 ad
672 2602 840 2662 sanitatem.

124 2690 160 2752 Si
181 2690 334 2767 parotides
357 2690 498 2752 habuerit
520 2690 552 2749 in
570 2691 709 2750 faucibus
732 2691 781 2752 vel
799 2691 957 2751 tubercula
981 2700 1120 2766 appa-57

55 2782 133 2859 rent,
156 2779 292 2839 fomenta
314 2778 474 2858 imponito,
498 2782 535 2837 ut
557 2782 588 2839 et
609 2783 802 2839 maturantur
829 2783 861 2839 et
889 2780 1073 2856 aperiantur,

20 2882 44 2923 eo
58 2871 91 2928 et
120 2887 191 2929 oum
223 2867 408 2946 aperuerint,
440 2868 566 2928 linteola
592 2868 711 2928 minuta
739 2888 808 2928 oum
838 2869 902 2928 oleo
931 2871 961 2926 et
988 2870 1072 2926 aceto

56 2955 244 3017 vulneribus·
271 2956 432 3034 imponito,
464 2975 561 3033 usque
594 2976 662 3017 oum
688 2975 767 3034 pura
798 2957 860 3015 sint
891 2959 921 3014 et
952 2955 1072 3013 munda.

56 3046 126 3106 inde
145 3045 239 3120 Lycio
259 3047 290 3104 et
311 3045 506 3104 medicamine
526 3046 728 3122 suprascripte
753 3047 867 3121 curate,
890 3046 921 3102 et
943 3061 1012 3102 eum
1035 3045 1074 3102 ad

131 3215 242 3284 leyat
261 3212 324 3283 ΙΙΙΙ
345 3218 361 3269 ὅ
380 3212 468 3269 findas
490 3216 501 3283 11
520 3221 535 3270 7
555 3230 650 3269 oemee
673 3214 682 3282 ΙΙ
706 3211 869 3281 8paetcllie
890 3215 900 3282 n
925 3217 959 3266 14
976 3211 1070 3284 ledatl

58 3286 134 3340 nitro
161 3286 192 3339 at
220 3301 297 3354 aqna
323 3285 510 3356 maceratam]
539 3283 600 3355 μέλι
627 3282 677 3339 καὶ
704 3284 799 3352 νίτρον
832 3284 880 3338 καὶ
907 3282 983 3354 ὕδωρ
1012 3285 1074 3338 dee-

59 3352 158 3411 uteie
176 3355 213 3411 H
222 3357 232 3427 ΙΙ
246 3361 279 3411 17
308 3356 411 3411 callida
433 3357 438 3426 Ι
463 3355 560 3410 dolore
588 3356 703 3409 limetur
724 3357 734 3424 [Ι
757 3359 792 3408 20
821 3372 904 3425 super
926 3353 1054 3424 inponite

60 3432 95 3482 to
111 3425 202 3553 garbe
219 3428 229 3497 fl
247 3432 281 3482 ‘lt
300 3427 393 3482 farina
415 3426 595 3483 hordeaciam
613 3428 623 3498 ss
641 3432 675 3481 29
694 3425 824 3496 inponite
842 3429 852 3497 l
873 3432 905 3481 31
926 3424 1054 3493 inponite

62 3502 95 3551 82
125 3497 179 3553 'eie
