2348 3878
461 90 682 155 ..85-

58 252 268 329 cataplasmare
290 255 323 312 00
345 253 447 313 alutae
475 253 618 313 inducito
664 256 771 330 postea
798 255 875 314 aeris
899 255 953 315 flos
980 253 1078 314 minu-

57 346 129 401 tum
157 344 190 402 et
220 341 329 401 tritum
356 338 394 401 et’
413 340 446 400 in
472 342 629 418 pulverem
654 342 812 402 redactum
842 363 933 420 supra
960 363 1077 422 panem,

58 430 116 507 qui
139 430 244 490 alutae
265 429 373 489 inlitus
397 433 451 508 est,
475 430 592 509 spargis
616 432 696 508 quod
720 432 794 491 satis
813 435 867 511 est,
890 435 922 492 et
940 433 1077 492 articulis

58 522 117 579 aut
143 519 183 577 110
210 519 285 579 locis
312 538 389 595 quae
417 537 563 580 oaaenosa
590 523 674 597 sunt,
702 520 843 581 admoves
872 524 902 580 et
925 521 987 580 lino
1010 521 1077 579 dili-

29 610 168 687 sgentcr
190 608 331 667 tmtarali
349 606 535 686 constringes
552 627 606 684 per
623 609 768 687 triduum,
792 609 861 668 inde
880 610 979 669 solvis.
1011 628 1077 667 rur-

57 714 131 755 sum
148 696 257 756 similis
273 696 422 757 medicina
440 696 608 775 adhibetur,
625 715 731 756 rursus
750 697 891 758 solvitur:
915 698 957 758 sic
975 697 1076 757 triduo

57 784 126 845 sine
148 785 345 844 medicamine
368 785 415 845 sit
439 781 509 864 <01>
532 803 623 845 sanus
646 786 752 864 fuerit,
777 785 889 846 sufficit
911 785 1076 863 medicina3

57 872 108 934 sin
126 873 225 952 aliter,
244 876 374 953 curetur,
392 876 429 932 ut
446 877 493 933 ter
509 874 669 936 intervallo
688 875 805 934 dierum
822 894 930 935 nouem
948 876 1077 934 curetur.

57 980 135 1022 sane
157 980 228 1022 cum
249 963 367 1022 alutam
388 963 566 1039 imposueris
589 962 728 1042 pedibus,
752 983 865 1040 equum
888 963 984 1022 artius
1007 962 1076 1022 reli-

14 1063 43 1103 10
56 1052 144 1129 gato,
165 1069 204 1109 00
227 1068 258 1110 se
280 1050 431 1110 mordicus
453 1054 548 1130 vexet,
572 1054 603 1110 et
625 1052 792 1112 certissima
814 1071 887 1112 cura
909 1055 962 1112 est.

128 1138 208 1199 Item
237 1139 276 1199 ad
301 1157 409 1200 nervos
436 1140 634 1200 articulorum
660 1143 709 1201 uel
741 1142 779 1199 ad
806 1142 925 1201 minuta
953 1142 1008 1199 aut
1035 1141 1073 1200 ad
1084 1138 1140 1195 261

57 1228 176 1287 luxum.
209 1228 343 1303 cupressi
360 1228 435 1288 folia
453 1229 555 1288 tundis
574 1230 694 1289 atteris
714 1233 745 1289 et
762 1230 892 1289 farinam
910 1231 946 1290 de
964 1231 1075 1290 hordeo

57 1316 155 1375 simul
178 1315 322 1375 admisces
350 1318 381 1376 et
403 1315 545 1393 decoquis
568 1317 600 1376 in
622 1318 692 1377 vino
716 1320 748 1377 et
771 1318 836 1378 oleo
861 1318 1023 1378 sufficienti
1046 1321 1077 1376 et

56 1404 138 1464 facis
161 1405 387 1483 cataplasmam,
413 1424 505 1481 quam
526 1405 624 1464 mittis
646 1406 679 1463 in
701 1406 799 1480 pilum
828 1408 859 1464 et
881 1406 984 1465 tundis
1007 1424 1077 1465 cum

11 1504 40 1546 1⁵
56 1512 114 1553 aro
140 1491 257 1553 Gallico
280 1493 354 1552 bene
372 1497 503 1572 purgato
528 1496 558 1553 et
581 1512 651 1553 cum
671 1493 785 1553 hibisco
800 1493 875 1552 bene
895 1494 1025 1553 discocto
1046 1495 1077 1552 et

54 1582 143 1640 facto
173 1580 249 1641 bene
286 1581 468 1641 minutatim.
525 1582 606 1658 quod
636 1584 835 1658 posteaquam
866 1581 980 1640 tuderis
1009 1581 1076 1640 dili·

54 1670 181 1748 genter,
209 1688 265 1745 pro
294 1671 455 1746 emplastro
483 1670 600 1729 inducis
628 1673 659 1729 et
683 1670 768 1748 ligas.
816 1687 887 1729 sane
914 1672 1078 1744 antequam

54 1757 281 1834 cataplasmam
302 1760 502 1836 commisceas
525 1758 610 1834 prius
632 1777 718 1818 arum
737 1758 889 1818 Gallicum
910 1760 1077 1836 purgatum

55 1865 133 1906 cum
162 1845 277 1906 hibisco
309 1846 440 1907 discocto
469 1849 500 1906 et
530 1847 648 1907 modica
680 1847 812 1926 axungia
844 1847 947 1906 tundis
975 1849 1006 1905 00
1033 1846 1075 1904 010

11 1949 41 1989 ao
58 1934 249 2011 superadicis
264 1935 481 2011 cataplasmam
499 1936 535 1995 de
554 1936 653 1995 farina
670 1936 774 1996 hordei
793 1938 823 1995 et
841 1936 922 1995 foliis
942 1934 1076 2012 cupressi

57 2022 156 2083 000010
178 2023 211 2081 10
227 2023 298 2083 vino
322 2026 353 2083 et
376 2024 449 2084 oleo.
486 2025 542 2084 hoo
569 2025 661 2085 facies
688 2024 793 2084 diebus
820 2045 941 2103 novem,
965 2025 1017 2084 sed
1038 2026 1075 2082 ut

56 2110 186 2171 alternis
209 2129 303 2171 cures

126 2199 176 2259 Ad
197 2219 358 2260 nervorum
381 2200 602 2261 crassationem.
638 2201 762 2260 faenum
780 2201 936 2279 Graecum,
960 2201 1072 2262 caricas
1082 2196 1140 2252 262

54 2288 150 2348 Afras
179 2288 283 2364 pinsas
312 2292 344 2348 00
372 2307 442 2348 cum
472 2290 542 2349 vino
575 2290 718 2366 imponis;
747 2293 816 2364 post
843 2290 968 2348 tertium
995 2290 1075 2348 diem

11 2396 41 2437 ra
56 2376 161 2437 solvis.

125 2465 204 2524 Item
227 2463 254 2523 si
275 2464 313 2523 de
335 2463 441 2525 itinere
469 2467 559 2543 longo
586 2468 688 2526 tumor
715 2469 770 2524 aut
797 2466 829 2524 in
857 2465 993 2524 articulis
1017 2468 1072 2523 aut
1081 2469 1139 2525 263

53 2554 89 2613 10
123 2553 262 2632 genubus
288 2552 393 2632 fuerit,
425 2554 547 2630 prodest
579 2574 659 2630 aqua
690 2555 802 2634 frigida
829 2553 979 2614 tumentia
1007 2555 1074 2613 loca

55 2643 161 2702 fovere
190 2645 246 2701 aut
272 2641 305 2700 in
331 2642 423 2702 fluvio
451 2646 506 2701 aut
534 2643 566 2701 in
592 2644 658 2704 rivo
685 2663 746 2703 000
777 2645 838 2705 alte
868 2643 1073 2720 deambulare3

55 2730 128 2790 inde
152 2729 311 2808 spongiam
333 2748 403 2790 cum
424 2731 520 2790 lasere
543 2733 575 2791 et
597 2734 681 2792 aceto
701 2728 754 2811 <00
776 2734 857 2795 visco
882 2735 913 2792 00
934 2732 1005 2792 vino
1024 2732 1074 2792 dc·

11 2832 41 2872 10
56 2814 169 2895 cocto>
193 2821 224 2878 et
247 2819 378 2897 axungia
400 2819 527 2896 impone.
565 2821 763 2880 utilissimum
784 2823 970 2882 medicamen
993 2823 1045 2879 est.

132 2958 147 3007 1
167 2951 219 3006 flos
237 2951 346 3007 minuta
359 2951 368 3020 [Ι
382 2956 399 3006 4
412 2951 457 3007 his
477 2953 482 3022 Ι
506 2969 560 3021 que
583 2968 706 3022 onynosa
718 2956 757 3022 uc
783 2952 959 3021 constringes
978 2953 1072 3008 Sarcb.

56 3020 221 3093 confringes
230 3021 259 3077 R
272 3024 282 3091 ΙΙ
296 3023 471 3079 8100000110
485 3023 593 3078 dierum
607 3024 701 3081 Sarcb.
727 3023 908 3077 intervallum
927 3022 1006 3090 dieb3
1025 3021 1073 3094 1111

56 3099 92 3148 12
107 3092 181 3148 folia
193 3092 291 3147 tundis
309 3096 339 3149 et
354 3092 435 3166 teris]
456 3093 596 3149 Foliatum
616 3093 763 3149 desetteris
777 3093 805 3149 R
832 3091 902 3148 folia
920 3095 1007 3148 tunde
1024 3108 1073 3147 seu

55 3163 127 3220 teris
145 3163 244 3220 Sarcb.
258 3165 268 3234 ss
283 3169 316 3218 13
334 3165 472 3232 decoquas
490 3167 500 3234 11
520 3169 553 3217 14
576 3164 672 3219 tundis
696 3181 759 3218 cum
778 3180 827 3219 aro
846 3164 942 3220 Scrob.
976 3164 1073 3222 condis

55 3251 122 3290 cnm
133 3250 202 3290 auro
212 3234 241 3291 13
254 3237 265 3305 ss
279 3239 312 3289 15
321 3234 410 3290 ibisoo
426 3237 431 3305 Ι
452 3235 573 3290 discotto
591 3237 601 3305 i
616 3241 648 3290 16
663 3252 702 3289 00
715 3234 872 3291 tutuderis?
885 3237 896 3304 ΙΙ
911 3240 944 3290 18
958 3253 1056 3292 aurum
1066 3234 1075 3307 ll

58 3311 93 3360 19
116 3304 202 3362 irisoo
221 3307 232 3376 l
250 3311 285 3360 20
304 3305 451 3376 0101011111
472 3306 553 3362 cottis
566 3309 576 3373 ΙΙ
590 3312 624 3360 23
642 3307 739 3361 fenum
761 3322 876 3377 grecum
890 3310 899 3378 ΙΙ
913 3314 947 3362 19
966 3308 1071 3379 10001οΙ

56 3374 111 3447 <00
131 3376 209 3432 visco
233 3378 263 3433 et
279 3376 346 3432 vino
364 3376 503 3450 decocto>
526 3377 625 3432 addidi
647 3393 681 3432 00
703 3376 739 3431 Η
773 3377 821 3432 ccl
841 3376 901 3444 ἰξοῦ
925 3378 974 3433 nol
994 3379 1073 3432 οἴνου

56 3444 248 3517 ἀφεψημένον
267 3444 469 3518 (ἀφηψημένου
488 3447 524 3520 P)
538 3449 548 3518 ΙΙ
561 3452 595 3504 30
613 3447 800 3505 medicamina
