2310 3876
525 68 741 133 ..92-

129 238 160 296 et
182 235 214 293 in
244 234 309 293 oleo
337 230 488 291 infundite
517 235 548 293 et
574 251 644 292 cum
668 231 739 292 rino
767 233 868 293 reteri
895 234 1045 311 impones,

128 321 298 381 hirundinis
328 320 429 397 pullos
461 339 511 380 ore
544 321 704 397 dissipatos
732 320 808 381 locis
843 322 964 399 quibus
995 343 1055 400 perr

129 413 188 489 est,
217 411 374 470 admoveto
398 412 429 469 et
458 410 559 486 ipsum
585 410 690 469 nidum
717 427 786 470 cum
813 411 888 472 vino
919 414 1020 473 veteri
1047 418 1062 472 t

129 499 202 560 loeis
226 499 299 576 ipsis
321 498 449 575 impone.

129 729 207 790 XXI.
254 729 426 792 Potiones
453 729 511 789 vel
538 745 644 787 curae
677 728 719 787 ad
750 728 889 789 colicos
923 730 987 791 vel
1020 731 1064 790 ad

345 817 406 895 qui
429 835 448 876 a
470 816 578 877 faeno
601 817 695 877 malo
718 817 934 878 laeduntur.

313 939 569 1003 PELAGONIVS
597 938 757 1001 LVCILIO
787 938 864 1000 SVO
892 940 969 1000 AIT

65 1064 120 1121 287
200 1065 369 1127 Colicorum
397 1065 484 1143 signa
510 1084 578 1142 non,
603 1064 740 1125 omnibus
767 1067 840 1124 nota
871 1067 961 1145 sunt,
993 1067 1110 1144 quian

129 1153 283 1213 dissimilis
313 1156 359 1212 est
390 1153 490 1228 passio
522 1172 542 1213 a
573 1153 696 1231 ceteris,
729 1153 783 1230 qui
813 1153 1004 1215 intrinsecus
1036 1155 1116 1232 aliqu

130 1241 240 1319 dolent,
263 1241 322 1300 nisi
346 1241 419 1318 quia
441 1241 557 1303 maiora
579 1244 730 1302 tormenta
752 1245 784 1302 et
805 1240 961 1302 crebriora
985 1243 1020 1302 in
1040 1243 1123 1304 colioi

131 1349 223 1407 quam
240 1330 272 1388 in
296 1330 440 1391 cardiacis
464 1333 519 1389 aut
541 1331 573 1389 in
595 1329 832 1391 tortionantibus
854 1331 1041 1408 reperimus:
1065 1332 1129 1392 euin

130 1419 205 1480 haec
228 1420 315 1498 signa
337 1420 510 1497 frequenter
533 1419 719 1497 agnovimus,
757 1418 891 1496 primum
914 1438 989 1480 cum
1013 1424 1083 1499 stat,
1103 1439 1135 1478 re

130 1511 220 1585 pente
244 1509 387 1588 concidit,
410 1512 447 1568 ut
474 1509 633 1584 adreptum
660 1511 763 1585 putes3
791 1507 897 1567 deinde
925 1508 953 1568 si
983 1510 1059 1569 satis
1086 1527 1138 1568 sus·

130 1618 241 1675 pensus
263 1599 365 1677 fuerit,
389 1598 492 1658 statim
515 1596 709 1674 subsequitur
731 1596 816 1657 dolor
843 1599 875 1655 et
901 1596 984 1656 iacet
1013 1617 1137 1659 nonnun-

132 1707 224 1764 quam
251 1692 282 1748 et
308 1707 377 1748 cum
404 1687 546 1765 frigidam
574 1685 723 1762 acceperit
750 1703 874 1764 aquam,
901 1686 1022 1766 tremit,
1050 1686 1136 1761 sudat,

132 1777 266 1854 anhelat,
299 1778 420 1835 aestuat
450 1776 552 1835 dolore
589 1774 690 1834 nimio.
736 1774 785 1834 cui
822 1775 1062 1835 succurrendum
1091 1775 1135 1833 hac

131 1865 253 1940 potione
277 1863 381 1923 Celsus
404 1862 496 1921 iubet.

1 1993 3 1998 .
65 1948 122 2005 288
201 1950 384 2027 Compositio
400 1949 439 2008 ad
457 1949 573 2009 colicos.
602 1952 682 2011 asari
699 1950 819 2011 Pontici
833 1982 885 2030 -,
903 1951 1081 2028 petroselini
1093 1981 1134 2027 -,

131 2037 255 2096 feniculi
288 2037 408 2097 seminis
436 2068 492 2114 -,
524 2038 636 2114 piperis
667 2040 748 2119 nigri
776 2071 818 2083 -
844 2039 889 2118 Π,
922 2040 1072 2100 marrubii
1092 2069 1133 2113 -‚

132 2126 270 2185 abrotoni
289 2157 345 2204 -,
369 2124 472 2186 anethi
500 2126 586 2202 scrip.
605 2127 664 2207 HI,
687 2128 824 2208 ligustici
845 2159 898 2206 -,
927 2128 1075 2188 centaurii
1094 2144 1130 2186 se·

130 2214 220 2274 minis
247 2245 300 2294 -,
324 2214 541 2292 chamaepityis
565 2234 650 2295 sem,
674 2216 825 2294 eupaterii
852 2215 938 2292 scrip.
958 2216 1035 2296 1111,
1060 2211 1130 2294 pulei

131 2303 239 2380 acapni
258 2336 314 2382 -,
340 2307 428 2364 rutae
450 2334 504 2384 -,
528 2304 590 2381 apii
620 2305 741 2365 seminis
757 2336 815 2383 -,
838 2304 999 2384 zingiberis
1028 2322 1129 2366 semun-

132 2391 217 2471 ciam,
240 2393 338 2454 mellis
362 2392 469 2470 optimi
491 2414 519 2471 p.
538 2393 582 2472 II,
605 2395 666 2453 mel
683 2395 851 2472 despumas,
873 2393 928 2452 illa
952 2393 1054 2454 omnia
1073 2409 1127 2452 con·

131 2481 234 2542 tundis
258 2485 289 2543 et
311 2483 406 2543 cernis
430 2485 461 2542 et
487 2482 571 2542 melli
597 2481 747 2560 miscebis,
775 2480 881 2543 deinde
904 2481 1002 2542 instar
1028 2477 1126 2560 magni·

131 2572 246 2631 tudinis
273 2571 358 2631 nucis
385 2571 551 2630 Abellanae
579 2590 648 2631 cnm
675 2589 772 2647 aquae
799 2569 919 2647 tepidae
947 2574 1020 2631 sext.
1043 2567 1146 2631 dabist¹⁵

133 2659 298 2719 certissima
315 2659 433 2718 medela
451 2662 504 2719 est.
527 2677 598 2719 sane
612 2660 638 2720 si
658 2660 743 2720 dolor
760 2660 1005 2739 perseveraverit,
1019 2651 1124 2720 feniculi

133 2746 253 2807 seminis
285 2746 431 2807 coclearia
467 2747 601 2825 quinque
632 2749 706 2808 bene
743 2747 817 2806 trita
844 2766 914 2808 cum
944 2748 1010 2808 vini
1037 2738 1124 2808 sinceri

133 2835 184 2896 scd
207 2835 311 2896 cibarii
335 2838 407 2896 sext.
431 2835 524 2895 dabis.

203 2995 220 3044 2
238 2988 404 3059 hyrundinis
418 2989 428 3059 [Ι
442 2994 458 3044 b
477 2987 600 3043 oholicos
614 2989 625 3056 ΙΙ
638 2987 729 3042 dfeno
738 2987 814 3042 mala
823 2987 980 3057 ledunturl
995 2993 1028 3043 10
1037 2976 1124 3047 maiod

132 3059 248 3114 cholioie
262 3061 271 3130 lt
287 3067 318 3114 11
343 3059 517 3131 repperimus
540 3062 550 3129 ΙΙ
574 3063 606 3113 12
625 3058 678 3114 hec
702 3059 708 3125 Ι
732 3073 796 3112 cum
815 3060 874 3114 stat
891 3058 1052 3115 Sorctioni:
1074 3066 1126 3110 con·

132 3131 190 3183 stat
208 3130 236 3184 R
258 3135 268 3198 ΙΙ
291 3136 325 3184 18
344 3131 498 3187 colichosas
517 3130 560 3185 ari
584 3131 589 3199 Ι
614 3124 680 3200 ds'oc
698 3130 841 3185 Ποντικοῦ
864 3135 898 3200 γᾶ
918 3127 949 3184 α’
969 3124 1067 3186 ΗΡΜ
1077 3125 1087 3195 Ι
1101 3122 1126 3175 1⁹

130 3195 274 3268 πεπέρεως
287 3198 405 3269 μέλανος
419 3210 453 3270 γό
472 3198 503 3255 α’
523 3200 609 3271 ΗΡΙ
629 3199 753 3255 marrubi
774 3201 784 3270 Ι
807 3206 842 3258 20
859 3199 937 3256 aneti
961 3205 966 3271 Ι
991 3200 1072 3269 scrip.
1086 3187 1127 3258 m]

132 3284 246 3366 γράμμα
258 3284 297 3366 Ιἓν
316 3287 351 3340 H
354 3288 399 3360 ΡΙ
416 3289 543 3344 centauri
561 3273 616 3344 sais
629 3290 640 3358 ΙΙ
653 3294 686 3344 al
706 3288 859 3360 cameprtis
874 3291 880 3359 Ι
895 3281 1128 3358 rilpotoriumltt

130 3357 280 3480 ningrifians
300 3374 395 3412 semen
413 3359 440 3412 R
460 3358 650 3443 ¹{asperitasque
664 3359 697 3468 ab
714 3356 799 3443 {ipson
818 3360 853 3415 H
856 3361 906 3430 Pp
923 3365 958 3416 lb
976 3351 1129 3429 lapident

129 3443 175 3484 ma
197 3442 211 3481 a
236 3430 323 3498 auli
343 3429 486 3485 clochana
501 3434 507 3500 Ι
523 3447 638 3486 sincerus
656 3448 683 3499 s,
702 3431 809 3487 orbabis
