2348 3878
482 110 701 175 ..77-

77 292 151 332 cum
175 272 247 333 vino
265 292 319 350 per
337 291 382 351 os;
406 277 461 333 aut
480 275 620 353 asparagi
639 273 785 334 silvestris
803 273 912 334 radicis
931 306 967 315 -
989 274 1020 332 H
1040 271 1096 350 [et]

78 381 151 422 cum
180 360 245 420 vini
271 361 380 421 veteris
403 365 475 422 sext.
504 381 526 422 s.
560 363 719 439 decoquito
752 362 791 421 ad
817 363 968 422 heminam
991 365 1022 422 et
1044 383 1098 439 per

79 469 179 510 cornu
202 450 287 526 datm
317 453 372 509 aut
401 452 524 527 panacis
553 451 663 510 radicis
693 450 877 510 semunciam
907 451 1036 512 conteris
1066 455 1098 510 et

77 557 151 598 cum
174 538 246 598 vino
269 538 349 599 dato.
391 557 461 599 sane
483 541 619 617 prodest,
647 542 683 598 ut
707 557 823 615 semper
845 539 930 599 sitiat
953 560 1006 600 nec
1029 542 1097 616 plu·

59 627 197 687 trimum
220 627 312 695 bibat.

76 857 181 917 ΧΠΠ.
218 857 268 916 De
291 857 423 916 lumbis
447 860 482 917 et
505 858 545 917 de
568 858 717 1005 robnibus
745 861 781 917 et
808 857 847 916 de
871 856 972 917 coxis
996 856 1096 915 etde

516 965 595 1025 garn
624 965 662 1005 rs.

256 1067 512 1129 PELAGONIVS
535 1068 735 1129 FESTIANO
760 1067 835 1129 SVO
859 1069 927 1127 ΑΙΤ

148 1191 327 1271 Congruum
350 1195 396 1253 est
418 1197 455 1252 ut
477 1193 512 1252 de
536 1193 646 1252 lumbis
670 1196 701 1252 et
723 1194 759 1252 de
786 1194 908 1253 renibus
932 1194 1013 1270 apud
1037 1193 1163 1253 ela-216

59 1282 207 1341 critatem
233 1284 320 1340 tuam
346 1301 444 1358 pauca
472 1282 613 1341 dicamus.
655 1281 775 1342 facilius
808 1282 888 1341 enim
920 1282 957 1341 ab
986 1303 1020 1342 eo
1048 1283 1097 1342 vel

81 1370 275 1448 intellegitur
295 1371 344 1430 vel
372 1373 496 1430 curatur
525 1371 650 1447 animal,
680 1371 734 1446 qui
762 1371 935 1445 frequenter
965 1371 1098 1430 dolorem

83 1459 215 1519 sustinet
238 1458 375 1537 similem,
398 1459 529 1519 sicutte
553 1460 597 1517 ita
620 1458 824 1536 intellegimus
848 1460 878 1516 et
901 1459 1017 1516 nudum
1039 1458 1097 1516 fre·

85 1549 212 1622 quentor
233 1546 417 1623 inspeximus
434 1547 556 1607 renibus
575 1547 763 1606 dissolutum.
787 1546 898 1622 duplex
916 1565 986 1624 ergo
1009 1546 1097 1605 bene-

84 1633 186 1695 ficium
203 1639 234 1695 te
254 1635 290 1695 de
309 1636 388 1695 curis
401 1636 469 1696 istis
482 1637 531 1696 vel
545 1638 580 1695 dc
599 1635 722 1695 medelis
742 1635 885 1711 consequi
901 1634 1097 1692 manifestum

59 1727 140 1802 uest,
163 1726 200 1782 ut
222 1727 293 1783 tuos
316 1724 511 1784 medicamine
530 1712 679 1800 exquisite
699 1723 807 1783 solides
825 1722 943 1782 lumbos
967 1725 1005 1799 et,
1029 1741 1098 1781 cum

90 1813 156 1888 eqni
177 1813 360 1890 vexaverint,
384 1814 489 1872 similis
513 1832 531 1872 a
554 1816 584 1872 te
607 1831 680 1872 eura
708 1832 742 1872 ae
769 1811 927 1890 diligentia
956 1810 1097 1886 praebea-

91 1902 144 1960 tur.
181 1902 252 1979 equi
274 1903 452 1979 plerumque
475 1902 593 1961 lumbos
617 1901 709 1960 nimio
737 1902 866 1977 pondere
894 1901 1020 1959 laedunt
1043 1901 1098 1957 aut

96 1988 251 2050 sifossam
277 1982 517 2050 transcenderint
543 1993 574 2050 et
601 1991 780 2066 posteriores
811 1989 901 2064 pedes
933 1988 1097 2047 resederint

98 2080 142 2137 sut
167 2078 260 2139 nimio
293 2079 412 2157 frigore.
456 2082 529 2138 tuno
562 2097 611 2138 eos
644 2078 744 2138 curari
772 2078 819 2136 his
848 2078 1096 2137 medicaminibus

72 2167 232 2245 ²lconvenit,
255 2170 292 2225 ut
314 2168 412 2226 calida
429 2168 526 2227 lumbi
547 2168 685 2246 rigentur
708 2167 884 2244 diutissime,
904 2167 1096 2226 unctionibus

59 2246 62 2311 ἱ
101 2254 274 2315 calidissimis
297 2256 394 2314 utaris
418 2259 448 2315 et
470 2259 576 2332 postea
598 2256 739 2316 caustico.

154 2345 229 2404 Item
252 2344 278 2403 si
301 2343 431 2404 validius
460 2346 622 2423 doluerint,
650 2363 744 2405 venae
772 2344 808 2402 de
835 2342 1011 2419 inguinibus
1039 2343 1162 2404 sol-217

103 2435 206 2492 rantur.
242 2436 317 2492 tuno
336 2434 413 2492 sales
432 2436 462 2492 et
481 2433 613 2512 axungia
631 2436 662 2492 et
680 2435 780 2491 oleum
800 2430 940 2508 sanguini
959 2430 1012 2506 qui
1029 2450 1097 2505 pro·

104 2513 157 2578 fluit
167 2522 261 2580 mixta
280 2521 402 2581 renibus
416 2522 704 2598 superimponuntur
718 2524 757 2598 et,
776 2540 845 2580 oum
862 2537 981 2578 neeesse
995 2519 1096 2596 fuerit,

80 2609 362 2685 toupusmabitux.

156 2698 230 2758 Item
262 2699 288 2758 si
320 2719 424 2758 coxam
454 2699 576 2758 laeserit
609 2699 670 2758 sine
707 2698 843 2775 vulnere,
881 2696 1164 2772 synchrismatellss

107 2782 181 2846 uteris
194 2787 300 2847 diebus
313 2807 428 2847 novem.
461 2787 529 2846 inde
543 2791 635 2863 prout
648 2787 809 2862 profecerit
822 2806 902 2863 cura,
918 2785 1099 2862 aestimabis

108 2869 168 2932 etsi
198 2894 316 2936 necesse
345 2876 452 2954 fuerit,
481 2878 512 2935 et
543 2877 578 2935 de
606 2876 781 2955 inguinibus
808 2894 900 2934 venae
932 2875 1097 2932 solvuntur.

107 2954 162 3021 lunc
174 2964 270 3024 calido
281 2964 475 3024 medicamine
487 2983 560 3024 coxa
574 2969 703 3042 curetur¹
718 2965 750 3022 id
759 2966 804 3022 est
815 2960 972 3037 euphorbii
980 2991 1017 3000 -
1027 2958 1098 3037 1111,

109 3091 300 3110 gu·-

162 3191 254 3240 lcum
275 3185 353 3256 vino]
372 3184 442 3254 perd
466 3187 545 3240 οἴνου
569 3183 606 3251 ξὲ.
632 3185 676 3241 αε’
697 3185 761 3240 ΗΡ
771 3186 811 3253 113
830 3183 895 3238 ssffi
910 3185 919 3251 l
943 3189 958 3237 6
989 3183 1075 3236 cussis
1090 3183 1100 3254 Η

109 3250 131 3328 ll
142 3253 329 3326 intelligitur!
344 3263 376 3310 12
389 3258 527 3311 substinet
542 3260 548 3319 Ι
563 3256 748 3325 intelligimus
763 3259 772 3325 ΙΙ
788 3259 821 3308 14
835 3253 964 3310 medellis
978 3257 987 3325 l
1002 3259 1035 3309 15
1055 3269 1098 3308 so·

107 3312 216 3394 hdol16
234 3328 407 3397 prebeaturll
423 3333 455 3381 17
475 3327 574 3381 ledunt
587 3329 596 3396 l
612 3333 644 3382 18
663 3325 869 3380 trascenderint
887 3330 897 3397 ΙΙ
915 3332 949 3380 20
975 3325 1100 3396 collidat!

108 3393 133 3445 tl
152 3412 219 3453 nene
237 3402 247 3467 fl
265 3402 300 3452 24
322 3399 399 3452 misti
422 3401 432 3465 l
454 3405 488 3453 26
507 3399 634 3468 laeserit]
664 3398 687 3452 si
714 3397 817 3451 lauerit
844 3399 872 3453 R
910 3396 1101 3452 stimulauerit

107 3457 208 3538 doreti
224 3474 258 3524 27
281 3469 423 3539 proficerit
435 3469 445 3538 l
459 3469 609 3524 extimabis
623 3471 680 3541 {129
701 3467 814 3525 eutorbi
