<?xml version="1.0" encoding="UTF-8"?>
<!DOCTYPE html PUBLIC "-//W3C//DTD XHTML 1.0 Transitional//EN"
    "http://www.w3.org/TR/xhtml1/DTD/xhtml1-transitional.dtd">
<html xmlns="http://www.w3.org/1999/xhtml" xml:lang="en" lang="en">
 <head>
  <title>
</title>
<meta http-equiv="Content-Type" content="text/html;charset=utf-8" />
  <meta name='ocr-system' content='tesseract 3.04.00' />
  <meta name='ocr-capabilities' content='ocr_page ocr_carea ocr_par ocr_line ocrx_word'/>
</head>
<body>
  <div class='ocr_page' id='page_1' title='image "./pelagoniiartiav00pelagoog_0205.png"; bbox 0 0 2348 3878; ppageno 0'>
   <div class='ocr_carea' id='block_1_1' title="bbox 456 115 694 178">
    <p class='ocr_par' dir='ltr' id='par_1_1' title="bbox 456 115 694 178">
     <span class='ocr_line' id='line_1_1' title="bbox 456 115 694 178; baseline 0 0"><span class='ocrx_word' id='word_1_1' title='bbox 456 115 694 178; x_wconf 84' lang='lat'>—199-</span> 
     </span>
    </p>
   </div>
   <div class='ocr_carea' id='block_1_2' title="bbox 59 267 1074 492">
    <p class='ocr_par' dir='ltr' id='par_1_2' title="bbox 59 267 1074 492">
     <span class='ocr_line' id='line_1_2' title="bbox 135 267 1073 340; baseline 0.002 -16"><span class='ocrx_word' id='word_1_2' title='bbox 135 267 191 324; x_wconf 71' lang='lat'><strong>467</strong></span> <span class='ocrx_word' id='word_1_3' title='bbox 220 269 373 323; x_wconf 88' lang='lat' dir='ltr'><strong>earundem</strong></span> <span class='ocrx_word' id='word_1_4' title='bbox 400 269 553 338; x_wconf 75' lang='lat' dir='ltr'>specierum</span> <span class='ocrx_word' id='word_1_5' title='bbox 577 269 723 340; x_wconf 81' lang='lat' dir='ltr'>collyrium</span> <span class='ocrx_word' id='word_1_6' title='bbox 746 275 798 324; x_wconf 78' lang='lat'><strong>428</strong></span> <span class='ocrx_word' id='word_1_7' title='bbox 822 272 859 325; x_wconf 89' lang='lat' dir='ltr'><strong>ad</strong></span> <span class='ocrx_word' id='word_1_8' title='bbox 882 272 991 328; x_wconf 82' lang='lat' dir='ltr'><strong>albores</strong></span> <span class='ocrx_word' id='word_1_9' title='bbox 1014 273 1073 328; x_wconf 85' lang='lat' dir='ltr'><strong>aive</strong></span> 
     </span>
     <span class='ocr_line' id='line_1_3' title="bbox 59 341 307 411; baseline -0.004 -14"><span class='ocrx_word' id='word_1_10' title='bbox 59 341 97 397; x_wconf 88' lang='lat' dir='ltr'><strong>ad</strong></span> <span class='ocrx_word' id='word_1_11' title='bbox 117 341 307 411; x_wconf 73' lang='lat' dir='ltr'><strong>glaucomata.</strong></span> 
     </span>
     <span class='ocr_line' id='line_1_4' title="bbox 134 410 1074 492; baseline 0.005 -28"><span class='ocrx_word' id='word_1_12' title='bbox 134 410 352 492; x_wconf 86' lang='lat' dir='ltr'><strong>infriculato]</strong></span> <span class='ocrx_word' id='word_1_13' title='bbox 376 410 418 464; x_wconf 87' lang='lat' dir='ltr'><strong>Da</strong></span> <span class='ocrx_word' id='word_1_14' title='bbox 446 410 496 465; x_wconf 86' lang='lat' dir='ltr'><strong>Vit</strong></span> <span class='ocrx_word' id='word_1_15' title='bbox 517 411 547 465; x_wconf 90' lang='lat' dir='ltr'><strong>in</strong></span> <span class='ocrx_word' id='word_1_16' title='bbox 569 411 652 466; x_wconf 82' lang='lat' dir='ltr'><strong>lexici</strong></span> <span class='ocrx_word' id='word_1_17' title='bbox 679 410 826 466; x_wconf 80' lang='lat' dir='ltr'><strong>Forcellin.</strong></span> <span class='ocrx_word' id='word_1_18' title='bbox 845 428 908 466; x_wconf 88' lang='lat' dir='ltr'><strong>nov.</strong></span> <span class='ocrx_word' id='word_1_19' title='bbox 927 413 993 469; x_wconf 89' lang='lat' dir='ltr'><strong>edit.</strong></span> <span class='ocrx_word' id='word_1_20' title='bbox 1010 431 1031 468; x_wconf 89' lang='lat' dir='ltr'><strong>s.</strong></span> <span class='ocrx_word' id='word_1_21' title='bbox 1045 431 1074 469; x_wconf 81' lang='lat' dir='ltr'><strong>v.</strong></span> 
     </span>
    </p>
   </div>
   <div class='ocr_carea' id='block_1_3' title="bbox 59 479 1075 1116">
    <p class='ocr_par' dir='ltr' id='par_1_3' title="bbox 59 479 1075 623">
     <span class='ocr_line' id='line_1_5' title="bbox 59 479 1075 552; baseline 0.002 -16"><span class='ocrx_word' id='word_1_22' title='bbox 59 479 163 536; x_wconf 82' lang='lat' dir='ltr'><strong>scribit</strong></span> <span class='ocrx_word' id='word_1_23' title='bbox 179 482 310 548; x_wconf 80' lang='lat' dir='ltr'><strong>infricolo</strong></span> <span class='ocrx_word' id='word_1_24' title='bbox 329 484 408 550; x_wconf 87' lang='lat' dir='ltr'><strong>(rtem</strong></span> <span class='ocrx_word' id='word_1_25' title='bbox 423 479 545 552; x_wconf 81' lang='lat' dir='ltr'><strong>Georges</strong></span> <span class='ocrx_word' id='word_1_26' title='bbox 558 483 612 537; x_wconf 86' lang='lat' dir='ltr'><strong>lex.</strong></span> <span class='ocrx_word' id='word_1_27' title='bbox 626 482 686 536; x_wconf 88' lang='lat' dir='ltr'>VII.</span> <span class='ocrx_word' id='word_1_28' title='bbox 702 481 782 550; x_wconf 89' lang='lat' dir='ltr'><strong>edit.)</strong></span> <span class='ocrx_word' id='word_1_29' title='bbox 797 482 934 537; x_wconf 87' lang='lat' dir='ltr'><strong>adnotans</strong></span> <span class='ocrx_word' id='word_1_30' title='bbox 950 484 1075 539; x_wconf 85' lang='lat' dir='ltr'><strong>Venetos</strong></span> 
     </span>
     <span class='ocr_line' id='line_1_6' title="bbox 59 551 859 623; baseline 0 -15"><span class='ocrx_word' id='word_1_31' title='bbox 59 553 156 608; x_wconf 88' lang='lat' dir='ltr'><strong>adhuc</strong></span> <span class='ocrx_word' id='word_1_32' title='bbox 174 551 260 622; x_wconf 79' lang='lat' dir='ltr'><strong>vulgo</strong></span> <span class='ocrx_word' id='word_1_33' title='bbox 279 551 372 606; x_wconf 86' lang='lat' dir='ltr'><strong>dicere</strong></span> <span class='ocrx_word' id='word_1_34' title='bbox 390 553 538 623; x_wconf 74' lang='lat' dir='ltr'><strong>sfrcpolare</strong></span> <span class='ocrx_word' id='word_1_35' title='bbox 555 555 686 623; x_wconf 76' lang='lat' dir='ltr'><strong>(ssrepare</strong></span> <span class='ocrx_word' id='word_1_36' title='bbox 696 579 730 598; x_wconf 89' lang='lat'><em>=</em></span> <span class='ocrx_word' id='word_1_37' title='bbox 738 554 859 623; x_wconf 80' lang='lat' dir='ltr'><strong>fricare).</strong></span> 
     </span>
    </p>

    <p class='ocr_par' dir='ltr' id='par_1_4' title="bbox 132 622 558 693">
     <span class='ocr_line' id='line_1_7' title="bbox 132 622 558 693; baseline 0.002 -16"><span class='ocrx_word' id='word_1_38' title='bbox 132 622 192 677; x_wconf 82' lang='grc'><strong>468</strong></span> <span class='ocrx_word' id='word_1_39' title='bbox 211 622 366 693; x_wconf 86' lang='lat' dir='ltr'><strong>comparari</strong></span> <span class='ocrx_word' id='word_1_40' title='bbox 383 624 479 691; x_wconf 83' lang='lat' dir='ltr'><strong>potest</strong></span> <span class='ocrx_word' id='word_1_41' title='bbox 497 630 558 678; x_wconf 80' lang='lat'>440.</span> 
     </span>
    </p>

    <p class='ocr_par' dir='ltr' id='par_1_5' title="bbox 59 692 1075 1116">
     <span class='ocr_line' id='line_1_8' title="bbox 133 692 1075 766; baseline 0 -18"><span class='ocrx_word' id='word_1_42' title='bbox 133 692 192 748; x_wconf 77' lang='lat'><strong>470</strong></span> <span class='ocrx_word' id='word_1_43' title='bbox 220 694 519 766; x_wconf 88' lang='lat' dir='ltr'><strong>a(b)spurgantur]</strong></span> <span class='ocrx_word' id='word_1_44' title='bbox 541 695 575 749; x_wconf 85' lang='lat' dir='ltr'><strong>cf.</strong></span> <span class='ocrx_word' id='word_1_45' title='bbox 599 693 693 748; x_wconf 84' lang='lat' dir='ltr'><strong>Seren.</strong></span> <span class='ocrx_word' id='word_1_46' title='bbox 713 694 852 749; x_wconf 83' lang='lat' dir='ltr'><strong>Sammon.</strong></span> <span class='ocrx_word' id='word_1_47' title='bbox 876 694 920 750; x_wconf 89' lang='lat' dir='ltr'><strong>tit.</strong></span> <span class='ocrx_word' id='word_1_48' title='bbox 940 694 1075 750; x_wconf 84' lang='lat' dir='ltr'>XXVIIII</span> 
     </span>
     <span class='ocr_line' id='line_1_9' title="bbox 62 765 1070 836; baseline -0.002 -16"><span class='ocrx_word' id='word_1_49' title='bbox 62 765 209 820; x_wconf 76' lang='lat' dir='ltr'><strong><em>lumbricis</em></strong></span> <span class='ocrx_word' id='word_1_50' title='bbox 232 770 257 819; x_wconf 86' lang='lat' dir='ltr'><strong>et</strong></span> <span class='ocrx_word' id='word_1_51' title='bbox 283 766 383 819; x_wconf 79' lang='lat' dir='ltr'><strong>taeniis</strong></span> <span class='ocrx_word' id='word_1_52' title='bbox 410 766 597 836; x_wconf 73' lang='lat' dir='ltr'><strong>repurgandis</strong></span> <span class='ocrx_word' id='word_1_53' title='bbox 617 765 769 836; x_wconf 78' lang='lat' dir='ltr'><strong>(Baehrens</strong></span> <span class='ocrx_word' id='word_1_54' title='bbox 792 765 897 820; x_wconf 79' lang='lat' dir='ltr'><strong>Poetae</strong></span> <span class='ocrx_word' id='word_1_55' title='bbox 919 766 980 821; x_wconf 89' lang='lat' dir='ltr'><strong>Lat.</strong></span> <span class='ocrx_word' id='word_1_56' title='bbox 1003 766 1070 820; x_wconf 74' lang='lat' dir='ltr'><strong>min,</strong></span> 
     </span>
     <span class='ocr_line' id='line_1_10' title="bbox 59 833 1072 906; baseline 0.001 -17"><span class='ocrx_word' id='word_1_57' title='bbox 59 835 100 889; x_wconf 92' lang='lat' dir='ltr'><strong>III</strong></span> <span class='ocrx_word' id='word_1_58' title='bbox 115 852 142 904; x_wconf 89' lang='lat' dir='ltr'><strong>p.</strong></span> <span class='ocrx_word' id='word_1_59' title='bbox 160 835 232 903; x_wconf 78' lang='lat'><strong>133).</strong></span> <span class='ocrx_word' id='word_1_60' title='bbox 266 833 449 889; x_wconf 78' lang='lat' dir='ltr'><strong>.Sarchianius</strong></span> <span class='ocrx_word' id='word_1_61' title='bbox 472 835 618 904; x_wconf 72' lang='lat' dir='ltr'><strong>proposuIt</strong></span> <span class='ocrx_word' id='word_1_62' title='bbox 636 842 804 906; x_wconf 72' lang='lat' dir='ltr'><strong>pargantur.</strong></span> <span class='ocrx_word' id='word_1_63' title='bbox 841 837 973 892; x_wconf 83' lang='lat' dir='ltr'><strong>usitatius</strong></span> <span class='ocrx_word' id='word_1_64' title='bbox 996 853 1072 893; x_wconf 88' lang='lat' dir='ltr'><strong>com-</strong></span> 
     </span>
     <span class='ocr_line' id='line_1_11' title="bbox 59 906 1073 976; baseline 0 -15"><span class='ocrx_word' id='word_1_65' title='bbox 59 906 188 976; x_wconf 86' lang='lat' dir='ltr'><strong>positum</strong></span> <span class='ocrx_word' id='word_1_66' title='bbox 216 907 260 960; x_wconf 88' lang='lat' dir='ltr'><strong>est</strong></span> <span class='ocrx_word' id='word_1_67' title='bbox 284 907 444 975; x_wconf 77' lang='lat' dir='ltr'><strong>depurpare.</strong></span> <span class='ocrx_word' id='word_1_68' title='bbox 485 907 606 975; x_wconf 88' lang='lat' dir='ltr'><strong>primum</strong></span> <span class='ocrx_word' id='word_1_69' title='bbox 634 907 663 960; x_wconf 92' lang='lat' dir='ltr'><strong>in</strong></span> <span class='ocrx_word' id='word_1_70' title='bbox 686 908 809 962; x_wconf 79' lang='lat' dir='ltr'><strong>mentem</strong></span> <span class='ocrx_word' id='word_1_71' title='bbox 832 909 948 963; x_wconf 88' lang='lat' dir='ltr'><strong>venerat</strong></span> <span class='ocrx_word' id='word_1_72' title='bbox 969 909 1073 963; x_wconf 82' lang='lat' dir='ltr'><strong>abster-</strong></span> 
     </span>
     <span class='ocr_line' id='line_1_12' title="bbox 59 975 1073 1048; baseline 0.002 -18"><span class='ocrx_word' id='word_1_73' title='bbox 59 981 175 1046; x_wconf 61' lang='grc' dir='ltr'><strong>φονίαν,</strong></span> <span class='ocrx_word' id='word_1_74' title='bbox 194 977 242 1030; x_wconf 88' lang='lat' dir='ltr'><strong>sed</strong></span> <span class='ocrx_word' id='word_1_75' title='bbox 256 976 310 1031; x_wconf 90' lang='lat' dir='ltr'><strong>hoo</strong></span> <span class='ocrx_word' id='word_1_76' title='bbox 328 977 411 1031; x_wconf 83' lang='lat' dir='ltr'><strong>nimis</strong></span> <span class='ocrx_word' id='word_1_77' title='bbox 426 993 444 1030; x_wconf 93' lang='lat' dir='ltr'><strong>a</strong></span> <span class='ocrx_word' id='word_1_78' title='bbox 461 975 589 1047; x_wconf 84' lang='lat' dir='ltr'><strong>vestigiis</strong></span> <span class='ocrx_word' id='word_1_79' title='bbox 612 976 726 1032; x_wconf 88' lang='lat' dir='ltr'><strong>traditis</strong></span> <span class='ocrx_word' id='word_1_80' title='bbox 749 978 862 1035; x_wconf 87' lang='lat' dir='ltr'><strong>recedit.</strong></span> <span class='ocrx_word' id='word_1_81' title='bbox 900 994 1073 1048; x_wconf 88' lang='lat' dir='ltr'><strong>quamquam</strong></span> 
     </span>
     <span class='ocr_line' id='line_1_13' title="bbox 59 1046 662 1116; baseline 0.002 -15"><span class='ocrx_word' id='word_1_82' title='bbox 59 1046 141 1101; x_wconf 89' lang='lat' dir='ltr'><strong>aliud</strong></span> <span class='ocrx_word' id='word_1_83' title='bbox 159 1047 249 1102; x_wconf 87' lang='lat' dir='ltr'><strong>latere</strong></span> <span class='ocrx_word' id='word_1_84' title='bbox 266 1064 349 1116; x_wconf 86' lang='lat' dir='ltr'><strong>posse</strong></span> <span class='ocrx_word' id='word_1_85' title='bbox 367 1046 510 1116; x_wconf 84' lang='lat' dir='ltr'><strong>peculiare</strong></span> <span class='ocrx_word' id='word_1_86' title='bbox 531 1047 662 1103; x_wconf 89' lang='lat' dir='ltr'><strong>concedo.</strong></span> 
     </span>
    </p>
   </div>
   <div class='ocr_carea' id='block_1_4' title="bbox 492 1189 646 1260">
    <p class='ocr_par' dir='ltr' id='par_1_6' title="bbox 492 1189 646 1260">
     <span class='ocr_line' id='line_1_14' title="bbox 492 1189 646 1260; baseline -0.006 0"><span class='ocrx_word' id='word_1_87' title='bbox 492 1189 646 1260; x_wconf 47' lang='grc' dir='ltr'><strong>*ηε*</strong></span> 
     </span>
    </p>
   </div>
   <div class='ocr_carea' id='block_1_5' title="bbox 59 1327 1073 3518">
    <p class='ocr_par' dir='ltr' id='par_1_7' title="bbox 59 1327 1073 1610">
     <span class='ocr_line' id='line_1_15' title="bbox 131 1327 1073 1399; baseline 0.002 -17"><span class='ocrx_word' id='word_1_88' title='bbox 131 1330 300 1398; x_wconf 83' lang='lat' dir='ltr'><strong>Fragmenta</strong></span> <span class='ocrx_word' id='word_1_89' title='bbox 318 1327 445 1398; x_wconf 81' lang='lat' dir='ltr'>disposui</span> <span class='ocrx_word' id='word_1_90' title='bbox 459 1328 488 1383; x_wconf 90' lang='lat' dir='ltr'><strong>in</strong></span> <span class='ocrx_word' id='word_1_91' title='bbox 502 1329 661 1384; x_wconf 89' lang='lat' dir='ltr'><strong>universum</strong></span> <span class='ocrx_word' id='word_1_92' title='bbox 677 1331 789 1384; x_wconf 84' lang='lat' dir='ltr'><strong>secutus</strong></span> <span class='ocrx_word' id='word_1_93' title='bbox 804 1330 930 1399; x_wconf 85' lang='lat' dir='ltr'><strong>capitum</strong></span> <span class='ocrx_word' id='word_1_94' title='bbox 945 1331 1073 1385; x_wconf 87' lang='lat' dir='ltr'><strong>ordinem</strong></span> 
     </span>
     <span class='ocr_line' id='line_1_16' title="bbox 59 1398 1069 1469; baseline 0.001 -14"><span class='ocrx_word' id='word_1_95' title='bbox 59 1398 168 1455; x_wconf 81' lang='lat' dir='ltr'><strong>codicis</strong></span> <span class='ocrx_word' id='word_1_96' title='bbox 186 1400 371 1454; x_wconf 80' lang='lat' dir='ltr'><strong>Riccardiani.</strong></span> <span class='ocrx_word' id='word_1_97' title='bbox 407 1399 584 1468; x_wconf 82' lang='lat' dir='ltr'><strong>quibusdam,</strong></span> <span class='ocrx_word' id='word_1_98' title='bbox 603 1417 674 1469; x_wconf 89' lang='lat' dir='ltr'><strong>quae</strong></span> <span class='ocrx_word' id='word_1_99' title='bbox 694 1398 853 1455; x_wconf 82' lang='lat' dir='ltr'><strong>collectioni</strong></span> <span class='ocrx_word' id='word_1_100' title='bbox 871 1401 992 1455; x_wconf 85' lang='lat' dir='ltr'><strong>inserere</strong></span> <span class='ocrx_word' id='word_1_101' title='bbox 1011 1419 1069 1456; x_wconf 90' lang='lat' dir='ltr'><strong>non</strong></span> 
     </span>
     <span class='ocr_line' id='line_1_17' title="bbox 59 1469 1070 1540; baseline 0 -15"><span class='ocrx_word' id='word_1_102' title='bbox 59 1470 162 1526; x_wconf 89' lang='lat' dir='ltr'><strong>inutile</strong></span> <span class='ocrx_word' id='word_1_103' title='bbox 181 1471 272 1525; x_wconf 87' lang='lat' dir='ltr'><strong>visum</strong></span> <span class='ocrx_word' id='word_1_104' title='bbox 291 1471 343 1536; x_wconf 85' lang='lat' dir='ltr'><strong>est,</strong></span> <span class='ocrx_word' id='word_1_105' title='bbox 361 1469 508 1540; x_wconf 87' lang='lat' dir='ltr'><strong>Pelagonii</strong></span> <span class='ocrx_word' id='word_1_106' title='bbox 525 1469 637 1525; x_wconf 89' lang='lat' dir='ltr'><strong>nomine</strong></span> <span class='ocrx_word' id='word_1_107' title='bbox 655 1485 712 1524; x_wconf 91' lang='lat' dir='ltr'><strong>non</strong></span> <span class='ocrx_word' id='word_1_108' title='bbox 726 1469 867 1539; x_wconf 85' lang='lat' dir='ltr'><strong>adscripto</strong></span> <span class='ocrx_word' id='word_1_109' title='bbox 882 1470 1070 1526; x_wconf 84' lang='lat' dir='ltr'><strong>dubitationis</strong></span> 
     </span>
     <span class='ocr_line' id='line_1_18' title="bbox 59 1540 499 1610; baseline -0.002 -14"><span class='ocrx_word' id='word_1_110' title='bbox 59 1541 171 1610; x_wconf 85' lang='lat' dir='ltr'><strong>signum</strong></span> <span class='ocrx_word' id='word_1_111' title='bbox 190 1541 354 1596; x_wconf 78' lang='lat' dir='ltr'><strong>asteriscum</strong></span> <span class='ocrx_word' id='word_1_112' title='bbox 373 1540 499 1610; x_wconf 85' lang='lat' dir='ltr'><strong>adposui.</strong></span> 
     </span>
    </p>

    <p class='ocr_par' dir='ltr' id='par_1_8' title="bbox 59 1609 1072 1822">
     <span class='ocr_line' id='line_1_19' title="bbox 130 1609 1072 1680; baseline -0.001 -13"><span class='ocrx_word' id='word_1_113' title='bbox 130 1611 208 1667; x_wconf 73' lang='grc'>471*</span> <span class='ocrx_word' id='word_1_114' title='bbox 230 1612 324 1680; x_wconf 87' lang='lat' dir='ltr'><strong>potest</strong></span> <span class='ocrx_word' id='word_1_115' title='bbox 341 1611 488 1680; x_wconf 87' lang='lat' dir='ltr'><strong>Pelagonii</strong></span> <span class='ocrx_word' id='word_1_116' title='bbox 507 1627 567 1666; x_wconf 85' lang='lat' dir='ltr'><strong>esse</strong></span> <span class='ocrx_word' id='word_1_117' title='bbox 585 1610 773 1679; x_wconf 77' lang='lat' dir='ltr'><strong>fragmentum</strong></span> <span class='ocrx_word' id='word_1_118' title='bbox 794 1610 894 1678; x_wconf 84' lang='lat' dir='ltr'><strong>capitis</strong></span> <span class='ocrx_word' id='word_1_119' title='bbox 913 1609 939 1677; x_wconf 94' lang='grc' dir='ltr'><strong>Ι,</strong></span> <span class='ocrx_word' id='word_1_120' title='bbox 960 1627 1023 1664; x_wconf 89' lang='lat' dir='ltr'><strong>cum</strong></span> <span class='ocrx_word' id='word_1_121' title='bbox 1042 1615 1072 1666; x_wconf 90' lang='lat' dir='ltr'><strong>et</strong></span> 
     </span>
     <span class='ocr_line' id='line_1_20' title="bbox 59 1681 1068 1765; baseline 0 -29"><span class='ocrx_word' id='word_1_122' title='bbox 59 1684 155 1737; x_wconf 90' lang='lat' dir='ltr'><strong>omnia</strong></span> <span class='ocrx_word' id='word_1_123' title='bbox 172 1699 244 1752; x_wconf 88' lang='lat' dir='ltr'><strong>quae</strong></span> <span class='ocrx_word' id='word_1_124' title='bbox 262 1683 436 1765; x_wconf 83' lang='lat' dir='ltr'><strong>praecedunt</strong></span> <span class='ocrx_word' id='word_1_125' title='bbox 453 1682 488 1735; x_wconf 89' lang='lat' dir='ltr'><strong><em>H</em></strong></span> <span class='ocrx_word' id='word_1_126' title='bbox 501 1701 530 1751; x_wconf 89' lang='lat' dir='ltr'><strong>p.</strong></span> <span class='ocrx_word' id='word_1_127' title='bbox 544 1688 578 1736; x_wconf 79' lang='lat'><strong>23</strong></span> <span class='ocrx_word' id='word_1_128' title='bbox 594 1698 651 1750; x_wconf 86' lang='lat' dir='ltr'><strong>seq.</strong></span> <span class='ocrx_word' id='word_1_129' title='bbox 670 1681 862 1751; x_wconf 77' lang='grc' dir='ltr'><strong><em>(Πελαγωνίοο</em></strong></span> <span class='ocrx_word' id='word_1_130' title='bbox 876 1681 946 1748; x_wconf 80' lang='grc' dir='ltr'><em>πρὸς</em></span> <span class='ocrx_word' id='word_1_131' title='bbox 959 1683 1068 1752; x_wconf 78' lang='grc' dir='ltr'><strong><em>λοιμόν)</em></strong></span> 
     </span>
     <span class='ocr_line' id='line_1_21' title="bbox 59 1751 1070 1822; baseline 0.001 -14"><span class='ocrx_word' id='word_1_132' title='bbox 59 1756 87 1808; x_wconf 91' lang='lat' dir='ltr'><strong>et</strong></span> <span class='ocrx_word' id='word_1_133' title='bbox 99 1755 177 1822; x_wconf 89' lang='lat' dir='ltr'><strong>quod</strong></span> <span class='ocrx_word' id='word_1_134' title='bbox 191 1756 317 1822; x_wconf 85' lang='lat' dir='ltr'><strong>sequ1tur</strong></span> <span class='ocrx_word' id='word_1_135' title='bbox 329 1752 484 1806; x_wconf 87' lang='lat' dir='ltr'><strong>remedium</strong></span> <span class='ocrx_word' id='word_1_136' title='bbox 494 1753 525 1806; x_wconf 91' lang='lat' dir='ltr'><strong>in</strong></span> <span class='ocrx_word' id='word_1_137' title='bbox 535 1751 720 1808; x_wconf 80' lang='lat' dir='ltr'><strong>Riccardiano</strong></span> <span class='ocrx_word' id='word_1_138' title='bbox 728 1753 833 1806; x_wconf 84' lang='lat' dir='ltr'><strong>extent.</strong></span> <span class='ocrx_word' id='word_1_139' title='bbox 854 1753 891 1805; x_wconf 88' lang='lat' dir='ltr'><em>M</em></span> <span class='ocrx_word' id='word_1_140' title='bbox 905 1769 960 1806; x_wconf 90' lang='lat' dir='ltr'><strong>non</strong></span> <span class='ocrx_word' id='word_1_141' title='bbox 974 1753 1070 1809; x_wconf 91' lang='lat' dir='ltr'><strong>habet.</strong></span> 
     </span>
    </p>

    <p class='ocr_par' dir='ltr' id='par_1_9' title="bbox 59 1818 1072 2034">
     <span class='ocr_line' id='line_1_22' title="bbox 128 1818 1072 1964; baseline 0 -16"><span class='ocrx_word' id='word_1_142' title='bbox 128 1818 826 1964; x_wconf 52' lang='lat' dir='ltr'><strong>liiiliiifipilsllil&#39;ilal&#39;{lillis</strong></span> <span class='ocrx_word' id='word_1_143' title='bbox 841 1824 1072 1949; x_wconf 50' lang='lat' dir='ltr'><strong>llll&#39;iliiel</strong></span> 
     </span>
     <span class='ocr_line' id='line_1_23' title="bbox 59 1965 471 2034; baseline -0.005 -14"><span class='ocrx_word' id='word_1_144' title='bbox 59 1965 202 2034; x_wconf 86' lang='lat' dir='ltr'><strong>praecedit</strong></span> <span class='ocrx_word' id='word_1_145' title='bbox 221 1971 264 2033; x_wconf 80' lang='lat'><strong>24,</strong></span> <span class='ocrx_word' id='word_1_146' title='bbox 284 1966 411 2033; x_wconf 85' lang='lat' dir='ltr'><strong>sequitur</strong></span> <span class='ocrx_word' id='word_1_147' title='bbox 428 1969 471 2018; x_wconf 81' lang='lat'><strong>25.</strong></span> 
     </span>
    </p>

    <p class='ocr_par' dir='ltr' id='par_1_10' title="bbox 59 2033 1068 2173">
     <span class='ocr_line' id='line_1_24' title="bbox 130 2033 1068 2106; baseline 0.003 -17"><span class='ocrx_word' id='word_1_148' title='bbox 130 2034 321 2104; x_wconf 74' lang='grc' dir='ltr'><strong><em>δελφάκιον</em></strong></span> <span class='ocrx_word' id='word_1_149' title='bbox 339 2034 422 2104; x_wconf 80' lang='grc' dir='ltr'><strong><em>μετὰ</em></strong></span> <span class='ocrx_word' id='word_1_150' title='bbox 435 2033 601 2103; x_wconf 77' lang='grc' dir='ltr'><strong><em>πτισάνης</em></strong></span> <span class='ocrx_word' id='word_1_151' title='bbox 619 2035 833 2106; x_wconf 72' lang='grc' dir='ltr'><strong><em>γαλαθηνόν]</em></strong></span> <span class='ocrx_word' id='word_1_152' title='bbox 848 2036 883 2092; x_wconf 90' lang='lat' dir='ltr'><strong>cf.</strong></span> <span class='ocrx_word' id='word_1_153' title='bbox 899 2041 931 2090; x_wconf 76' lang='lat'><strong>17</strong></span> <span class='ocrx_word' id='word_1_154' title='bbox 947 2038 1068 2092; x_wconf 79' lang='lat' dir='ltr'><strong>tisanam</strong></span> 
     </span>
     <span class='ocr_line' id='line_1_25' title="bbox 59 2107 683 2173; baseline -0.002 -10"><span class='ocrx_word' id='word_1_155' title='bbox 59 2123 117 2163; x_wconf 81' lang='lat' dir='ltr'><strong>cam</strong></span> <span class='ocrx_word' id='word_1_156' title='bbox 136 2109 228 2161; x_wconf 82' lang='lat' dir='ltr'><strong>catulo</strong></span> <span class='ocrx_word' id='word_1_157' title='bbox 246 2108 328 2173; x_wconf 80' lang='lat' dir='ltr'><strong>breui,</strong></span> <span class='ocrx_word' id='word_1_158' title='bbox 346 2111 399 2159; x_wconf 75' lang='lat'><strong>204</strong></span> <span class='ocrx_word' id='word_1_159' title='bbox 418 2107 524 2161; x_wconf 83' lang='lat' dir='ltr'><strong>lactans</strong></span> <span class='ocrx_word' id='word_1_160' title='bbox 542 2108 683 2162; x_wconf 80' lang='lat' dir='ltr'><strong>occiditur.</strong></span> 
     </span>
    </p>

    <p class='ocr_par' dir='ltr' id='par_1_11' title="bbox 59 2175 1069 2388">
     <span class='ocr_line' id='line_1_26' title="bbox 127 2175 1066 2247; baseline 0.001 -16"><span class='ocrx_word' id='word_1_161' title='bbox 127 2176 278 2233; x_wconf 74' lang='grc'>474-477</span> <span class='ocrx_word' id='word_1_162' title='bbox 298 2176 440 2247; x_wconf 85' lang='lat' dir='ltr'><strong>pertinent</strong></span> <span class='ocrx_word' id='word_1_163' title='bbox 457 2176 494 2229; x_wconf 89' lang='lat' dir='ltr'><strong>ad</strong></span> <span class='ocrx_word' id='word_1_164' title='bbox 512 2191 573 2244; x_wconf 86' lang='lat' dir='ltr'><strong>cap.</strong></span> <span class='ocrx_word' id='word_1_165' title='bbox 587 2175 634 2243; x_wconf 82' lang='lat' dir='ltr'><strong>VI,</strong></span> <span class='ocrx_word' id='word_1_166' title='bbox 661 2177 738 2231; x_wconf 88' lang='lat' dir='ltr'><strong>cuius</strong></span> <span class='ocrx_word' id='word_1_167' title='bbox 755 2175 869 2231; x_wconf 89' lang='lat' dir='ltr'><strong>initium</strong></span> <span class='ocrx_word' id='word_1_168' title='bbox 888 2177 995 2246; x_wconf 84' lang='lat' dir='ltr'><strong>perisse</strong></span> <span class='ocrx_word' id='word_1_169' title='bbox 1013 2197 1066 2247; x_wconf 89' lang='lat' dir='ltr'><strong>pu·</strong></span> 
     </span>
     <span class='ocr_line' id='line_1_27' title="bbox 59 2244 1069 2318; baseline 0.001 -17"><span class='ocrx_word' id='word_1_170' title='bbox 59 2247 175 2302; x_wconf 88' lang='lat' dir='ltr'><strong>tandum</strong></span> <span class='ocrx_word' id='word_1_171' title='bbox 201 2250 251 2302; x_wconf 88' lang='lat' dir='ltr'><strong>est.</strong></span> <span class='ocrx_word' id='word_1_172' title='bbox 283 2249 313 2301; x_wconf 90' lang='lat' dir='ltr'><strong>in</strong></span> <span class='ocrx_word' id='word_1_173' title='bbox 338 2249 375 2300; x_wconf 91' lang='lat' dir='ltr'><strong><em>M</em></strong></span> <span class='ocrx_word' id='word_1_174' title='bbox 395 2246 438 2300; x_wconf 89' lang='lat' dir='ltr'><strong>ita</strong></span> <span class='ocrx_word' id='word_1_175' title='bbox 460 2263 489 2300; x_wconf 85' lang='lat' dir='ltr'><strong>se</strong></span> <span class='ocrx_word' id='word_1_176' title='bbox 513 2244 668 2314; x_wconf 79' lang='lat' dir='ltr'><strong>excipiunt:</strong></span> <span class='ocrx_word' id='word_1_177' title='bbox 696 2252 749 2302; x_wconf 79' lang='grc'><strong>474</strong></span> <span class='ocrx_word' id='word_1_178' title='bbox 773 2247 860 2317; x_wconf 83' lang='grc' dir='ltr'>(φμ’),</span> <span class='ocrx_word' id='word_1_179' title='bbox 890 2254 942 2302; x_wconf 81' lang='grc'><strong>476</strong></span> <span class='ocrx_word' id='word_1_180' title='bbox 973 2250 1069 2318; x_wconf 64' lang='grc' dir='ltr'><strong>(φμοί,</strong></span> 
     </span>
     <span class='ocr_line' id='line_1_28' title="bbox 59 2315 672 2388; baseline -0.007 -15"><span class='ocrx_word' id='word_1_181' title='bbox 59 2320 137 2375; x_wconf 79' lang='lat' dir='ltr'><strong>deest</strong></span> <span class='ocrx_word' id='word_1_182' title='bbox 153 2318 183 2372; x_wconf 87' lang='lat' dir='ltr'><strong>in</strong></span> <span class='ocrx_word' id='word_1_183' title='bbox 203 2319 279 2387; x_wconf 89' lang='grc' dir='ltr'>ΗΡ),</span> <span class='ocrx_word' id='word_1_184' title='bbox 298 2324 349 2373; x_wconf 77' lang='lat'><strong>476</strong></span> <span class='ocrx_word' id='word_1_185' title='bbox 370 2316 474 2388; x_wconf 84' lang='grc' dir='ltr'>(φμβ’),</span> <span class='ocrx_word' id='word_1_186' title='bbox 493 2322 545 2370; x_wconf 80' lang='lat'><strong>402</strong></span> <span class='ocrx_word' id='word_1_187' title='bbox 565 2315 672 2385; x_wconf 73' lang='lat' dir='ltr'><strong>(ppy‘).</strong></span> 
     </span>
    </p>

    <p class='ocr_par' dir='ltr' id='par_1_12' title="bbox 59 2386 1068 2671">
     <span class='ocr_line' id='line_1_29' title="bbox 127 2386 1068 2459; baseline 0 -17"><span class='ocrx_word' id='word_1_188' title='bbox 127 2392 301 2443; x_wconf 78' lang='lat' dir='ltr'><strong>adllmcoo</strong></span> <span class='ocrx_word' id='word_1_189' title='bbox 323 2387 490 2459; x_wconf 81' lang='grc' dir='ltr'><strong><em>χοίρειον]</em></strong></span> <span class='ocrx_word' id='word_1_190' title='bbox 514 2389 541 2442; x_wconf 84' lang='lat' dir='ltr'><strong>h.</strong></span> <span class='ocrx_word' id='word_1_191' title='bbox 561 2403 584 2440; x_wconf 90' lang='lat' dir='ltr'><strong>e.</strong></span> <span class='ocrx_word' id='word_1_192' title='bbox 605 2387 741 2441; x_wconf 86' lang='lat' dir='ltr'><strong>callosum</strong></span> <span class='ocrx_word' id='word_1_193' title='bbox 763 2387 793 2440; x_wconf 90' lang='lat' dir='ltr'><strong>in</strong></span> <span class='ocrx_word' id='word_1_194' title='bbox 812 2386 967 2440; x_wconf 80' lang='lat' dir='ltr'><strong>cervicibus</strong></span> <span class='ocrx_word' id='word_1_195' title='bbox 987 2405 1068 2442; x_wconf 85' lang='lat' dir='ltr'><strong>snum</strong></span> 
     </span>
     <span class='ocr_line' id='line_1_30' title="bbox 59 2456 1066 2527; baseline 0 -13"><span class='ocrx_word' id='word_1_196' title='bbox 59 2459 232 2527; x_wconf 87' lang='lat' dir='ltr'><strong>aliorumque</strong></span> <span class='ocrx_word' id='word_1_197' title='bbox 254 2460 418 2514; x_wconf 89' lang='lat' dir='ltr'><strong>animalium</strong></span> <span class='ocrx_word' id='word_1_198' title='bbox 442 2459 561 2525; x_wconf 87' lang='lat' dir='ltr'><strong>corium,</strong></span> <span class='ocrx_word' id='word_1_199' title='bbox 585 2457 711 2526; x_wconf 84' lang='lat' dir='ltr'><strong>Geopon.</strong></span> <span class='ocrx_word' id='word_1_200' title='bbox 725 2456 790 2510; x_wconf 88' lang='lat' dir='ltr'><strong>XIX</strong></span> <span class='ocrx_word' id='word_1_201' title='bbox 805 2463 866 2522; x_wconf 85' lang='grc'><strong>6,3</strong></span> <span class='ocrx_word' id='word_1_202' title='bbox 891 2456 1015 2512; x_wconf 71' lang='lat' dir='ltr'><strong>uillosa</strong></span> <span class='ocrx_word' id='word_1_203' title='bbox 1034 2459 1066 2514; x_wconf 78' lang='lat' dir='ltr'><strong>di</strong></span> 
     </span>
     <span class='ocr_line' id='line_1_31' title="bbox 59 2525 1067 2600; baseline -0.003 -15"><span class='ocrx_word' id='word_1_204' title='bbox 59 2534 196 2599; x_wconf 73' lang='grc' dir='ltr'><strong><em>καλοῦμεν</em></strong></span> <span class='ocrx_word' id='word_1_205' title='bbox 215 2530 246 2584; x_wconf 81' lang='grc' dir='ltr'><strong>τὸ</strong></span> <span class='ocrx_word' id='word_1_206' title='bbox 265 2525 296 2583; x_wconf 75' lang='grc' dir='ltr'><strong>ἐν</strong></span> <span class='ocrx_word' id='word_1_207' title='bbox 315 2537 348 2599; x_wconf 74' lang='grc' dir='ltr'><strong>τῇ</strong></span> <span class='ocrx_word' id='word_1_208' title='bbox 362 2527 458 2600; x_wconf 80' lang='grc' dir='ltr'><strong><em>χρήσει</em></strong></span> <span class='ocrx_word' id='word_1_209' title='bbox 472 2528 622 2598; x_wconf 77' lang='grc' dir='ltr'><strong><em>λεγόμενον</em></strong></span> <span class='ocrx_word' id='word_1_210' title='bbox 636 2526 777 2581; x_wconf 74' lang='grc' dir='ltr'><strong><em>κᾶλλωοον</em></strong></span> <span class='ocrx_word' id='word_1_211' title='bbox 796 2527 924 2597; x_wconf 81' lang='lat' dir='ltr'><strong>(Hesych.</strong></span> <span class='ocrx_word' id='word_1_212' title='bbox 941 2525 1067 2599; x_wconf 75' lang='grc' dir='ltr'><strong><em>κόλλωψ·</em></strong></span> 
     </span>
     <span class='ocr_line' id='line_1_32' title="bbox 59 2599 802 2671; baseline -0.001 -17"><span class='ocrx_word' id='word_1_213' title='bbox 59 2609 104 2655; x_wconf 76' lang='grc' dir='ltr'><strong>τοῦ</strong></span> <span class='ocrx_word' id='word_1_214' title='bbox 124 2601 215 2655; x_wconf 78' lang='grc' dir='ltr'><strong><em>νώτον</em></strong></span> <span class='ocrx_word' id='word_1_215' title='bbox 233 2600 251 2669; x_wconf 79' lang='grc' dir='ltr'>ἡ</span> <span class='ocrx_word' id='word_1_216' title='bbox 271 2603 374 2671; x_wconf 69' lang='lat' dir='ltr'><strong>pocior]</strong></span> <span class='ocrx_word' id='word_1_217' title='bbox 394 2600 442 2653; x_wconf 79' lang='lat' dir='ltr'><strong>aori</strong></span> <span class='ocrx_word' id='word_1_218' title='bbox 460 2607 509 2668; x_wconf 78' lang='grc' dir='ltr'><strong>τῆς</strong></span> <span class='ocrx_word' id='word_1_219' title='bbox 526 2603 627 2668; x_wconf 77' lang='grc' dir='ltr'><strong><em>λοφιᾶς</em></strong></span> <span class='ocrx_word' id='word_1_220' title='bbox 645 2599 676 2653; x_wconf 81' lang='grc' dir='ltr'><strong>τὸ</strong></span> <span class='ocrx_word' id='word_1_221' title='bbox 695 2599 802 2668; x_wconf 76' lang='grc' dir='ltr'><strong><em>ἄκρον).</em></strong></span> 
     </span>
    </p>

    <p class='ocr_par' dir='ltr' id='par_1_13' title="bbox 59 2668 1068 2939">
     <span class='ocr_line' id='line_1_33' title="bbox 126 2668 1066 2739; baseline 0 -14"><span class='ocrx_word' id='word_1_222' title='bbox 126 2671 204 2727; x_wconf 75' lang='grc'><strong>477’</strong></span> <span class='ocrx_word' id='word_1_223' title='bbox 222 2669 298 2726; x_wconf 79' lang='grc'>478·</span> <span class='ocrx_word' id='word_1_224' title='bbox 316 2671 384 2739; x_wconf 89' lang='lat' dir='ltr'><strong>quin</strong></span> <span class='ocrx_word' id='word_1_225' title='bbox 402 2669 507 2726; x_wconf 86' lang='lat' dir='ltr'><strong>fuerint</strong></span> <span class='ocrx_word' id='word_1_226' title='bbox 529 2669 559 2724; x_wconf 91' lang='lat' dir='ltr'><strong>in</strong></span> <span class='ocrx_word' id='word_1_227' title='bbox 581 2670 729 2739; x_wconf 86' lang='lat' dir='ltr'><strong>Pelagonii</strong></span> <span class='ocrx_word' id='word_1_228' title='bbox 752 2670 787 2724; x_wconf 90' lang='lat' dir='ltr'><strong>de</strong></span> <span class='ocrx_word' id='word_1_229' title='bbox 811 2668 883 2725; x_wconf 83' lang='lat' dir='ltr'><strong>tussi</strong></span> <span class='ocrx_word' id='word_1_230' title='bbox 906 2670 999 2738; x_wconf 89' lang='lat' dir='ltr'><strong>capite</strong></span> <span class='ocrx_word' id='word_1_231' title='bbox 1018 2670 1066 2725; x_wconf 80' lang='lat' dir='ltr'><strong>vix</strong></span> 
     </span>
     <span class='ocr_line' id='line_1_34' title="bbox 59 2740 1068 2810; baseline 0.001 -16"><span class='ocrx_word' id='word_1_232' title='bbox 59 2741 181 2796; x_wconf 84' lang='lat' dir='ltr'><strong>dubitari</strong></span> <span class='ocrx_word' id='word_1_233' title='bbox 198 2744 301 2810; x_wconf 85' lang='lat' dir='ltr'><strong>potest.</strong></span> <span class='ocrx_word' id='word_1_234' title='bbox 338 2747 390 2796; x_wconf 83' lang='grc'><strong>477</strong></span> <span class='ocrx_word' id='word_1_235' title='bbox 409 2742 439 2796; x_wconf 91' lang='lat' dir='ltr'><strong>in</strong></span> <span class='ocrx_word' id='word_1_236' title='bbox 457 2742 489 2795; x_wconf 88' lang='lat' dir='ltr'><strong><em>H</em></strong></span> <span class='ocrx_word' id='word_1_237' title='bbox 506 2740 612 2810; x_wconf 87' lang='lat' dir='ltr'><strong>legitur</strong></span> <span class='ocrx_word' id='word_1_238' title='bbox 629 2742 704 2796; x_wconf 88' lang='lat' dir='ltr'><strong>inter</strong></span> <span class='ocrx_word' id='word_1_239' title='bbox 722 2745 755 2795; x_wconf 82' lang='grc'><strong>96</strong></span> <span class='ocrx_word' id='word_1_240' title='bbox 780 2743 809 2796; x_wconf 86' lang='lat' dir='ltr'><strong>ct</strong></span> <span class='ocrx_word' id='word_1_241' title='bbox 827 2746 875 2808; x_wconf 80' lang='grc'><strong>97,</strong></span> <span class='ocrx_word' id='word_1_242' title='bbox 893 2741 922 2795; x_wconf 91' lang='lat' dir='ltr'><strong>in</strong></span> <span class='ocrx_word' id='word_1_243' title='bbox 941 2742 979 2795; x_wconf 88' lang='grc' dir='ltr'><em>Μ</em></span> <span class='ocrx_word' id='word_1_244' title='bbox 993 2741 1068 2796; x_wconf 88' lang='lat' dir='ltr'><strong>inter</strong></span> 
     </span>
     <span class='ocr_line' id='line_1_35' title="bbox 59 2811 1066 2885; baseline 0 -19"><span class='ocrx_word' id='word_1_245' title='bbox 59 2816 89 2866; x_wconf 76' lang='lat' dir='ltr'><strong>ld</strong></span> <span class='ocrx_word' id='word_1_246' title='bbox 108 2814 139 2867; x_wconf 86' lang='lat' dir='ltr'><strong>et</strong></span> <span class='ocrx_word' id='word_1_247' title='bbox 157 2818 191 2866; x_wconf 87' lang='grc'><strong>96</strong></span> <span class='ocrx_word' id='word_1_248' title='bbox 215 2812 385 2882; x_wconf 71' lang='grc' dir='ltr'><strong>(φοιέθὸ,</strong></span> <span class='ocrx_word' id='word_1_249' title='bbox 406 2811 501 2885; x_wconf 79' lang='grc' dir='ltr'><strong>φβέι</strong></span> <span class='ocrx_word' id='word_1_250' title='bbox 516 2818 577 2876; x_wconf 77' lang='lat'>477,</span> <span class='ocrx_word' id='word_1_251' title='bbox 596 2811 647 2882; x_wconf 67' lang='grc' dir='ltr'><strong>(ον’</strong></span> <span class='ocrx_word' id='word_1_252' title='bbox 660 2838 694 2857; x_wconf 83' lang='lat'><strong>==</strong></span> <span class='ocrx_word' id='word_1_253' title='bbox 708 2817 756 2880; x_wconf 84' lang='grc'><strong>96,</strong></span> <span class='ocrx_word' id='word_1_254' title='bbox 779 2813 832 2866; x_wconf 90' lang='lat' dir='ltr'><strong>hoc</strong></span> <span class='ocrx_word' id='word_1_255' title='bbox 855 2813 935 2866; x_wconf 83' lang='lat' dir='ltr'><strong>deest</strong></span> <span class='ocrx_word' id='word_1_256' title='bbox 958 2813 988 2866; x_wconf 88' lang='lat' dir='ltr'><strong>in</strong></span> <span class='ocrx_word' id='word_1_257' title='bbox 1011 2813 1066 2883; x_wconf 86' lang='lat' dir='ltr'><strong>H);</strong></span> 
     </span>
     <span class='ocr_line' id='line_1_36' title="bbox 59 2882 597 2939; baseline 0.002 -3"><span class='ocrx_word' id='word_1_258' title='bbox 59 2888 107 2939; x_wconf 77' lang='grc'><strong>478</strong></span> <span class='ocrx_word' id='word_1_259' title='bbox 127 2883 156 2937; x_wconf 92' lang='lat' dir='ltr'><strong>in</strong></span> <span class='ocrx_word' id='word_1_260' title='bbox 175 2883 210 2936; x_wconf 91' lang='lat' dir='ltr'><strong><em>H</em></strong></span> <span class='ocrx_word' id='word_1_261' title='bbox 225 2887 254 2938; x_wconf 89' lang='lat' dir='ltr'><strong>et</strong></span> <span class='ocrx_word' id='word_1_262' title='bbox 273 2884 311 2936; x_wconf 89' lang='lat' dir='ltr'><strong><em>M</em></strong></span> <span class='ocrx_word' id='word_1_263' title='bbox 327 2882 399 2937; x_wconf 91' lang='lat' dir='ltr'><strong>inter</strong></span> <span class='ocrx_word' id='word_1_264' title='bbox 417 2889 469 2937; x_wconf 83' lang='grc'><strong>384</strong></span> <span class='ocrx_word' id='word_1_265' title='bbox 489 2883 519 2937; x_wconf 89' lang='lat' dir='ltr'><strong>et</strong></span> <span class='ocrx_word' id='word_1_266' title='bbox 536 2887 597 2937; x_wconf 80' lang='lat'>450,</span> 
     </span>
    </p>

    <p class='ocr_par' dir='ltr' id='par_1_14' title="bbox 59 2951 1063 3086">
     <span class='ocr_line' id='line_1_37' title="bbox 125 2951 1063 3022; baseline -0.001 -14"><span class='ocrx_word' id='word_1_267' title='bbox 125 2953 203 3008; x_wconf 73' lang='lat'><strong>479·</strong></span> <span class='ocrx_word' id='word_1_268' title='bbox 222 2953 298 3009; x_wconf 79' lang='lat'><strong>480·</strong></span> <span class='ocrx_word' id='word_1_269' title='bbox 317 2955 418 3008; x_wconf 81' lang='lat' dir='ltr'><strong>desunt</strong></span> <span class='ocrx_word' id='word_1_270' title='bbox 435 2953 464 3007; x_wconf 92' lang='lat' dir='ltr'><strong>in</strong></span> <span class='ocrx_word' id='word_1_271' title='bbox 483 2953 522 3007; x_wconf 88' lang='lat' dir='ltr'><strong>H.</strong></span> <span class='ocrx_word' id='word_1_272' title='bbox 541 2955 619 3022; x_wconf 88' lang='lat' dir='ltr'><strong>prius</strong></span> <span class='ocrx_word' id='word_1_273' title='bbox 636 2953 666 3007; x_wconf 93' lang='lat' dir='ltr'><strong>in</strong></span> <span class='ocrx_word' id='word_1_274' title='bbox 685 2954 723 3007; x_wconf 88' lang='lat' dir='ltr'><em>M</em></span> <span class='ocrx_word' id='word_1_275' title='bbox 738 2952 906 3009; x_wconf 86' lang='lat' dir='ltr'><strong>collocatum</strong></span> <span class='ocrx_word' id='word_1_276' title='bbox 924 2953 969 3007; x_wconf 84' lang='lat' dir='ltr'><strong>est</strong></span> <span class='ocrx_word' id='word_1_277' title='bbox 986 2951 1063 3007; x_wconf 86' lang='lat' dir='ltr'><strong>inter</strong></span> 
     </span>
     <span class='ocr_line' id='line_1_38' title="bbox 59 3024 525 3086; baseline -0.002 -9"><span class='ocrx_word' id='word_1_278' title='bbox 59 3028 88 3079; x_wconf 81' lang='lat'><strong>30</strong></span> <span class='ocrx_word' id='word_1_279' title='bbox 107 3027 137 3080; x_wconf 85' lang='lat' dir='ltr'><strong>et</strong></span> <span class='ocrx_word' id='word_1_280' title='bbox 156 3028 200 3086; x_wconf 72' lang='lat'><strong>82,</strong></span> <span class='ocrx_word' id='word_1_281' title='bbox 218 3024 272 3078; x_wconf 91' lang='lat' dir='ltr'><strong>hoc</strong></span> <span class='ocrx_word' id='word_1_282' title='bbox 290 3025 364 3079; x_wconf 88' lang='lat' dir='ltr'><strong>inter</strong></span> <span class='ocrx_word' id='word_1_283' title='bbox 381 3030 416 3079; x_wconf 86' lang='lat'><strong>88</strong></span> <span class='ocrx_word' id='word_1_284' title='bbox 435 3027 464 3077; x_wconf 90' lang='lat' dir='ltr'><strong>et</strong></span> <span class='ocrx_word' id='word_1_285' title='bbox 482 3028 525 3077; x_wconf 84' lang='lat'><strong>89.</strong></span> 
     </span>
    </p>

    <p class='ocr_par' dir='ltr' id='par_1_15' title="bbox 59 3091 1063 3379">
     <span class='ocr_line' id='line_1_39' title="bbox 127 3091 1062 3167; baseline 0.002 -20"><span class='ocrx_word' id='word_1_286' title='bbox 127 3096 272 3167; x_wconf 76' lang='grc' dir='ltr'><strong><em>βολβοὺς</em></strong></span> <span class='ocrx_word' id='word_1_287' title='bbox 290 3093 521 3165; x_wconf 77' lang='grc' dir='ltr'><strong>Μεγαρικούς]</strong></span> <span class='ocrx_word' id='word_1_288' title='bbox 544 3091 631 3148; x_wconf 84' lang='lat' dir='ltr'><strong>iidem</strong></span> <span class='ocrx_word' id='word_1_289' title='bbox 650 3094 679 3148; x_wconf 86' lang='lat' dir='ltr'><strong>iu</strong></span> <span class='ocrx_word' id='word_1_290' title='bbox 697 3093 812 3162; x_wconf 85' lang='lat' dir='ltr'><strong>potione</strong></span> <span class='ocrx_word' id='word_1_291' title='bbox 838 3093 874 3148; x_wconf 84' lang='lat' dir='ltr'><strong>ad</strong></span> <span class='ocrx_word' id='word_1_292' title='bbox 896 3092 990 3148; x_wconf 77' lang='lat' dir='ltr'><strong>vulsos</strong></span> <span class='ocrx_word' id='word_1_293' title='bbox 1009 3100 1062 3150; x_wconf 83' lang='grc'><strong>463</strong></span> 
     </span>
     <span class='ocr_line' id='line_1_40' title="bbox 59 3162 1062 3235; baseline -0.001 -15"><span class='ocrx_word' id='word_1_294' title='bbox 59 3165 226 3220; x_wconf 76' lang='lat' dir='ltr'><strong>adhibentur</strong></span> <span class='ocrx_word' id='word_1_295' title='bbox 243 3165 289 3235; x_wconf 85' lang='lat' dir='ltr'><strong>(cf.</strong></span> <span class='ocrx_word' id='word_1_296' title='bbox 304 3167 388 3234; x_wconf 83' lang='lat' dir='ltr'><strong>adn).</strong></span> <span class='ocrx_word' id='word_1_297' title='bbox 407 3162 587 3234; x_wconf 87' lang='lat' dir='ltr'><strong>nequeenim</strong></span> <span class='ocrx_word' id='word_1_298' title='bbox 602 3167 671 3231; x_wconf 89' lang='lat' dir='ltr'><strong>puto</strong></span> <span class='ocrx_word' id='word_1_299' title='bbox 689 3179 786 3220; x_wconf 85' lang='lat' dir='ltr'><strong>veram</strong></span> <span class='ocrx_word' id='word_1_300' title='bbox 804 3180 865 3219; x_wconf 87' lang='lat' dir='ltr'><strong>esse</strong></span> <span class='ocrx_word' id='word_1_301' title='bbox 882 3165 988 3220; x_wconf 81' lang='lat' dir='ltr'><strong>codIcis</strong></span> <span class='ocrx_word' id='word_1_302' title='bbox 1006 3164 1062 3220; x_wconf 91' lang='lat' dir='ltr'><strong>lec·</strong></span> 
     </span>
     <span class='ocr_line' id='line_1_41' title="bbox 59 3232 1063 3307; baseline 0 -17"><span class='ocrx_word' id='word_1_303' title='bbox 59 3236 161 3290; x_wconf 70' lang='lat' dir='ltr'><strong>zionem</strong></span> <span class='ocrx_word' id='word_1_304' title='bbox 179 3236 367 3307; x_wconf 73' lang='grc' dir='ltr'><strong>μαγειρικούς,</strong></span> <span class='ocrx_word' id='word_1_305' title='bbox 386 3252 471 3305; x_wconf 91' lang='lat' dir='ltr'><strong>quam</strong></span> <span class='ocrx_word' id='word_1_306' title='bbox 494 3233 567 3289; x_wconf 88' lang='lat' dir='ltr'><strong>tueri</strong></span> <span class='ocrx_word' id='word_1_307' title='bbox 589 3233 701 3290; x_wconf 84' lang='lat' dir='ltr'><strong>videtur</strong></span> <span class='ocrx_word' id='word_1_308' title='bbox 722 3232 849 3289; x_wconf 86' lang='lat' dir='ltr'><strong>Millerus</strong></span> <span class='ocrx_word' id='word_1_309' title='bbox 873 3235 1007 3305; x_wconf 84' lang='lat' dir='ltr'><strong>delegans</strong></span> <span class='ocrx_word' id='word_1_310' title='bbox 1027 3238 1063 3290; x_wconf 86' lang='lat' dir='ltr'><strong>ad</strong></span> 
     </span>
     <span class='ocr_line' id='line_1_42' title="bbox 59 3304 575 3379; baseline -0.004 -19"><span class='ocrx_word' id='word_1_311' title='bbox 59 3307 157 3379; x_wconf 72' lang='grc' dir='ltr'><strong><em>ῖολβὸν</em></strong></span> <span class='ocrx_word' id='word_1_312' title='bbox 178 3304 317 3377; x_wconf 72' lang='grc' dir='ltr'><strong><em>ἐδώδιμον</em></strong></span> <span class='ocrx_word' id='word_1_313' title='bbox 335 3307 460 3364; x_wconf 84' lang='lat' dir='ltr'><strong>Dloacor.</strong></span> <span class='ocrx_word' id='word_1_314' title='bbox 475 3307 501 3359; x_wconf 94' lang='lat' dir='ltr'><strong>II</strong></span> <span class='ocrx_word' id='word_1_315' title='bbox 515 3310 575 3360; x_wconf 80' lang='lat'>200.</span> 
     </span>
    </p>

    <p class='ocr_par' dir='ltr' id='par_1_16' title="bbox 123 3377 390 3433">
     <span class='ocr_line' id='line_1_43' title="bbox 123 3377 390 3433; baseline 0.004 -1"><span class='ocrx_word' id='word_1_316' title='bbox 123 3377 182 3432; x_wconf 85' lang='grc'><strong>481</strong></span> <span class='ocrx_word' id='word_1_317' title='bbox 202 3377 237 3431; x_wconf 88' lang='lat' dir='ltr'><strong>ci.</strong></span> <span class='ocrx_word' id='word_1_318' title='bbox 252 3379 315 3432; x_wconf 88' lang='lat' dir='ltr'><strong>adn.</strong></span> <span class='ocrx_word' id='word_1_319' title='bbox 331 3383 390 3433; x_wconf 88' lang='grc'><strong>166.</strong></span> 
     </span>
    </p>

    <p class='ocr_par' dir='ltr' id='par_1_17' title="bbox 123 3446 629 3518">
     <span class='ocr_line' id='line_1_44' title="bbox 123 3446 629 3518; baseline -0.002 -15"><span class='ocrx_word' id='word_1_320' title='bbox 123 3448 202 3503; x_wconf 80' lang='lat'>482·</span> <span class='ocrx_word' id='word_1_321' title='bbox 221 3448 297 3503; x_wconf 71' lang='lat'><strong>483·</strong></span> <span class='ocrx_word' id='word_1_322' title='bbox 315 3447 464 3503; x_wconf 79' lang='lat' dir='ltr'><strong>inserenda</strong></span> <span class='ocrx_word' id='word_1_323' title='bbox 481 3446 568 3518; x_wconf 87' lang='lat' dir='ltr'><strong>capiti</strong></span> <span class='ocrx_word' id='word_1_324' title='bbox 582 3446 629 3502; x_wconf 86' lang='lat' dir='ltr'><strong>IX.</strong></span> 
     </span>
    </p>
   </div>
   <div class='ocr_carea' id='block_1_6' title="bbox 0 0 1178 3878">
    <p class='ocr_par' dir='ltr' id='par_1_18' title="bbox 0 0 1178 3878">
     <span class='ocr_line' id='line_1_45' title="bbox 0 0 1178 3878; baseline 0 0"><span class='ocrx_word' id='word_1_325' title='bbox 0 0 1178 3878; x_wconf 95' lang='lat' dir='ltr'><strong> </strong></span> 
     </span>
    </p>
   </div>
  </div>
 </body>
</html>
