2310 3876
70 110 194 177 ἑνεγκαι,
218 105 235 174 ἢ
259 115 365 176 vernon
388 107 450 175 (sie)
477 104 588 172 ξύλλνον
616 104 735 172 ποιήσας
763 101 810 159 ε’πλ
835 114 869 176 τῇ
892 104 1057 177 αἱμορἆολσῃ

70 179 153 250 φλεβὶ
172 173 436 247 intelicissimi>
460 177 496 238 ὡς
519 178 652 249 καλλίστῳ
675 176 724 229 καλ
746 179 885 260 ποοχεζρῳ
912 178 1057 250 βοηθήματι.

74 251 110 302 M
131 255 166 302 34
185 248 259 321 ροβ’.
279 249 348 317 Veg.
364 249 385 302 V
404 254 450 303 13:
469 252 495 302 ei
512 250 627 318 sanquis
648 249 788 302 intertium
809 251 895 302 eremis
912 267 963 317 per
983 266 1058 304 renem

68 337 128 373 cem
143 336 276 388 pereussa
296 321 381 386 fuerit
399 325 424 374 et
442 319 610 374 claudinum
626 320 761 386 potuerit,
779 321 912 388 erumpit,
935 322 1059 375 renuiter

67 397 106 445 est
114 397 217 445 stereus
226 393 315 460 ipsius
322 391 453 445 animatis
462 405 641 458 superponere
645 390 793 456 fluentibus
800 392 875 443 venis
878 412 889 458 ;
900 393 980 444 antei
987 407 1059 459 perse·

67 463 209 528 erraverit,
222 480 300 517 serere
310 463 367 530 (uri
377 462 437 516 eod.
447 459 488 530 O.)
498 461 618 514 cauterio
627 461 772 526 subtiliter,
785 477 819 514 rte
832 462 911 514 nerei
924 463 1057 516 laeduntur.

70 535 183 600 λλοτοιακ
202 535 284 588 etiem
303 533 413 587 tomenti
432 530 483 600 (iis
501 529 619 584 restitue
639 547 673 583 ex
691 532 807 585 turneeti
825 531 887 584 eod.
903 531 990 601 corb„
1005 548 1058 586 eem-

68 605 174 671 petenti
202 603 341 671 Schneid.)
365 604 422 658 oleo
449 603 564 655 tine-tum
591 617 675 655 οοκοο
701 603 856 668 admouet05
882 605 964 657 etiam
992 618 1059 657 αααο

72 675 190 744 eperum
209 676 241 728 in
260 691 338 741 οοκο,
356 691 411 743 qna
428 674 542 742 raeque
556 673 684 739 profluit,
698 673 783 740 ponis
801 677 827 725 et
846 673 924 742 lique.
949 688 1058 742 οτσασκσ

71 751 110 797 est
127 746 281 799 remedium.
318 745 404 812 igitur
421 759 456 797 ne
475 742 576 797 exhor
590 739 703 810 quidem
721 741 791 809 quid
808 742 899 797 lateat
914 743 944 796 in
958 743 1059 811 eoquod

71 814 194 869 traditur
212 817 384 882 leoetieieum,
403 814 493 869 conici
510 815 614 882 petest.
650 811 771 882 primum
786 813 942 868 hariolatus
960 828 1058 868 eremos

71 886 218 951 hircinum,
238 902 266 938 os
285 887 428 951 caninum,
446 883 495 938 sed
515 883 621 937 conteri
638 886 757 952 possunt
775 882 833 938 ulia
856 884 983 939 ducenta.
1014 883 1058 936 iun

72 971 139 1010 vero
158 956 290 1008 monente
308 954 479 1008 Buechelero
503 955 649 1008 ostieirrum
671 952 788 1020 retinui,
807 957 840 1007 ut
863 955 901 1008 sit
919 955 1019 1024 aliquid
1034 971 1059 1007 ex

72 1041 175 1091 genere
202 1028 335 1079 ustorum.
377 1023 431 1077 hoe
453 1025 549 1077 tamen
572 1023 688 1078 dubium
715 1026 759 1078 est
781 1024 880 1078 'utrum
903 1025 1014 1096 simplex
1032 1025 1060 1077 sit

72 1093 241 1148 vocabulum
259 1097 345 1164 (οταο,
362 1095 429 1148 hine
446 1096 532 1164 ortipo
552 1093 659 1149 Colum.
674 1093 726 1148 VH
741 1101 765 1163 t,
780 1100 824 1162 21,
843 1098 968 1152 osticium
980 1096 1059 1151 Isidor.

70 1165 164 1234 Etym.
183 1164 248 1218 XIX
266 1171 314 1232 28,
329 1170 359 1232 8;
388 1164 501 1234 scripsit
526 1164 560 1218 de
588 1164 633 1218 his
661 1165 847 1220 Buechelerus
871 1166 901 1221 in
923 1164 1060 1222 Woelfflini

72 1235 194 1290 Arrhivo
209 1235 275 1305 Hp.
291 1238 353 1306 607)
372 1254 408 1290 an
427 1235 611 1305 compositum
630 1250 664 1289 ex
682 1236 735 1290 esti
753 1239 782 1290 et
799 1253 875 1293 nom.
895 1239 973 1293 α’κασ
989 1239 1060 1308 (erus

75 1308 134 1361 cini
150 1324 201 1376 pro
220 1309 292 1362 einis
315 1308 415 1362 cineris
439 1307 527 1361 Gloss.
551 1305 660 1360 Philox.
681 1323 702 1362 s.
721 1324 747 1362 v.
767 1305 887 1375 cyrillus
906 1325 927 1362 s.
945 1326 971 1364 v.
987 1306 1061 1376 τέφρα

74 1380 217 1448 testesque
245 1377 313 1444 elii).
349 1379 501 1433 tenendum
528 1379 623 1431 eutem
649 1382 726 1432 retae
752 1394 854 1432 nomen
881 1379 968 1434 fuisse
993 1380 1062 1434 etiem
1107 1370 1110 1407 ³

74 1449 173 1517 generi
192 1449 302 1504 cuidem
322 1465 449 1503 cerussae
468 1449 518 1502 eui
537 1462 644 1502 messae
659 1447 802 1502 leterieiee
820 1450 969 1518 (petenen
986 1450 1063 1505 leteris
1108 1451 1110 1455 '

73 1522 244 1575 uetustiorem
261 1519 428 1591 Pelagoniae
439 1524 491 1575 398
510 1519 647 1587 adhibei);
666 1519 826 1573 huiusmodi
848 1520 956 1588 aliquid
975 1518 1064 1576 conteri

72 1594 101 1642 et
121 1592 226 1659 epponi
245 1591 275 1644 in
293 1593 408 1661 plegem
426 1589 547 1644 iubetur.

144 1663 279 1714 stercus
307 1662 416 1730 ipsius
445 1661 524 1728 equi
549 1657 744 1714 fluentibus
767 1660 863 1714 venis
887 1661 1065 1731 admovete]

74 1730 157 1855 elil&
180 1737 282 1786 stercus
305 1734 394 1800 ipsine
416 1732 531 1785 terrenti
552 1730 700 1799 sinentibus
723 1734 799 1785 uenis
821 1733 1067 1802 admotumfasciis

69 1816 84 1854 ο
115 1804 209 1856 ieter.

123 1817 209 1934 9031).
229 1869 314 1924 XXV.
346 1870 402 1924 312
422 1871 456 1924 ef.
472 1871 510 1922 M
527 1875 561 1923 39
580 1870 637 1927 σις’
657 1864 755 1940 (ἕλκῶκ
768 1873 942 1943 καθαρτικοὶ)
962 1915 968 1927 ,
987 1915 994 1930 .
1013 1917 1018 1928 .
1037 1869 1069 1944 ,ἢ

69 1939 118 1992 καλ
137 1937 239 2011 ὀρόβου
258 1939 376 2007 ἄλευρον
395 1938 412 2007 ἢ
436 1938 609 2008 τοθόμαλλοα
633 1941 726 2008 κόψας
745 1984 751 1996 .
771 1984 777 1996 .
798 1982 805 1994 .
825 1983 845 2010 .,
865 1943 916 1997 sed
938 1945 1071 2014 integrum

69 2011 127 2064 fere
145 2010 172 2063 le
195 2011 250 2063 'tur
272 2011 301 2063 in
324 2009 435 2064 Eumeli
458 2009 552 2078 cupite
575 2011 645 2081 πρὸς
668 2011 733 2080 ἕλκη
757 2011 883 2083 διάφορα
906 2015 945 2068 Μ
960 2021 995 2069 46
1014 2014 1070 2085 σμη’

71 2078 98 2133 ei
115 2079 146 2134 δὲ
166 2024 294 2151 Erupit
312 2082 343 2135 τὸ
363 2079 441 2143 ἕλκος
459 2082 600 2149 εὑρεθείη,
618 2081 791 2152 τιθύμαλλον
814 2083 882 2152 μετὰ
906 2083 1015 2154 μέλιτος
1032 2086 1074 2140 καλ

69 2150 1075 2296 13133313333133131313313333κλ

70 2293 170 2364 λύσσης
189 2298 271 2368 βοῶν,
290 2294 402 2351 Eumeli
424 2296 457 2348 ut
479 2295 597 2349 videtur.
630 2295 659 2346 in
682 2295 759 2348 culce
778 2296 919 2351 adduntur
941 2299 1026 2354 haec:
1048 2249 1076 2352 ii

71 2365 139 2420 αὐτὸ
160 2366 191 2421 δὲ
211 2367 260 2420 καλ
279 2367 376 2439 βοοσλν
395 2365 450 2421 ὑπὸ
469 2365 569 2433 λύσσης
587 2363 816 2434 δοκιμαζομένοις
833 2365 979 2438 χρήσιμον,

143 2436 201 2490 314
224 2439 361 2506 unguis]
381 2453 417 2490 en
435 2434 589 2506 insuperis?
618 2435 754 2490 excidisse
782 2440 877 2491 autem
904 2445 1003 2508 petest
1021 2458 1076 2497 ver-

70 2505 137 2558 bum
157 2508 240 2572 quele
260 2509 303 2560 est
321 2509 386 2562 teris
404 2506 450 2560 vel
468 2509 568 2561 misces.
601 2507 636 2559 cf.
653 2512 713 2560 312.

141 2575 199 2629 313
218 2577 250 2628 Η
262 2581 295 2628 42
314 2578 495 2645 Πελαγωνίοσ
503 2576 572 2646 πρὸς
580 2579 720 2631 παντοίαν
731 2577 899 2648 φλεγμονήν.
920 2582 958 2634 Μ
966 2587 1002 2637 33
1012 2583 1078 2652 ρνζ’.

72 2641 167 2698 ἔλαιον
195 2645 314 2699 Σκααόν
337 2645 458 2700 Galenus
481 2647 580 2700 laudat
603 2647 726 2717 passim,
754 2664 838 2717 saepe
866 2649 917 2704 ulii
945 2652 1079 2710 adhibent

70 2716 160 2770 veluti
178 2714 287 2772 Cassius
306 2716 384 2771 Felix
406 2715 452 2786 (ri.
467 2733 494 2784 p.
505 2721 557 2770 254
576 2717 642 2772 edit.
658 2718 719 2773 Vel
734 2720 828 2789 Rese).
856 2718 931 2776 infra
953 2721 985 2777 in
1008 2726 1079 2795 freg-

70 2790 166 2843 mento
184 2788 270 2844 dubio
289 2792 341 2843 478
360 2785 454 2842 ἔλαιον
468 2785 610 2841 Ἶσπολνιον
624 2789 705 2843 redii.

143 2859 198 2915 317
228 2859 390 2915 Chironium
417 2858 497 2914 uleus
525 2858 593 2928 quid
620 2857 658 2912 sit
685 2857 782 2914 Celsus
805 2861 929 2930 Vtut
958 2864 1078 2934 exponit

71 2929 106 2981 cf.
122 2928 166 2986 Pe.
181 2931 264 3000 Apul.
279 2933 356 2988 herb.
372 2937 426 2999 e‚1
453 2932 491 2986 ed
508 2931 601 2986 αἱσττα
620 2931 758 2997 chironia,
782 2937 816 2986 23
835 2934 873 2987 ad
890 2935 1009 2991 οαλκσνσ
1026 2938 1078 2993 eiii·

70 3001 162 3054 κοκλο.
200 3001 306 3055 Theod.
321 3002 454 3057 Princien.
469 3001 482 3054 Ι
496 3007 529 3055 22
543 3019 571 3069 p.
586 3004 619 3054 89
635 3000 677 3054 ed.
692 3001 842 3057 Bernhold.

142 3068 199 3122 318
225 3071 282 3125 319
310 3074 344 3127 Η
363 3080 415 3128 286
453 3072 633 3140 Πελαγωνίοο
660 3072 817 3142 κατασκευὴ
846 3072 1026 3144 μαλολγματος
1053 3078 1079 3130 ei

70 3137 141 3217 ripis
159 3140 333 3210 κατάκασμα.
367 3143 403 3196 Μ
420 3148 470 3197 113
490 3141 571 3198 ωνα’.
599 3140 678 3213 wvli‘.
705 3144 810 3211 ef.326,
828 3144 878 3200 ubi
896 3147 979 3201 terna
991 3146 1077 3201 habes

72 3209 244 3276 srngulerum
263 3211 420 3278 specierum
437 3213 568 3282 pondere.

141 3280 251 3336 31οΗ
266 3287 318 3335 286
337 3282 405 3351 ἄλλη
423 3283 581 3352 κατασκευὴ
600 3282 775 3350 ἀλσίμματος.
813 3285 851 3338 M
868 3291 920 3341 113
939 3287 1019 3358 revy'.
