2348 3878
509 132 747 199 -104-

57 300 117 359 666
192 298 270 357 Item
293 296 378 357 aliud
400 297 534 356 salutare
556 296 722 356 remedium
744 297 776 356 in
798 296 895 358 initiis
927 298 1021 376 adeps
1048 300 1138 361 vituli

125 386 243 464 marini,
266 385 318 446 sed
340 386 366 446 si
387 385 450 446 ism
467 385 688 463 inveteraverit,
705 386 978 448 vehementioribus
997 407 1077 466 opus
1095 393 1138 450 est

124 475 271 535 remediis.
307 477 431 551 propter
454 474 535 552 quod
556 473 693 534 bitumen
719 493 789 534 cum
816 475 961 552 sulphure
983 479 1017 538 et
1044 479 1136 539 atmei

124 563 191 640 pice
212 563 330 640 liquida
352 563 485 642 axungia
501 564 597 623 veteri
614 563 710 622 mixta
726 564 795 640 pari
811 565 943 640 pondere
964 570 1135 643 coquuntur

125 655 218 730 atque
241 671 278 712 66
299 650 516 728 compositione
538 653 671 730 curatur,
693 651 739 711 ita
760 654 798 712 nt
818 653 905 730 priua
922 654 1041 715 scabies
1057 656 1162 717 ferros

125 759 211 802 erasa
232 741 392 819 perluatur
413 740 502 800 urina
524 739 662 800 hominis.

56 829 115 886 666
190 830 269 890 Item
296 830 388 890 aliud.
428 828 504 906 picis
531 828 665 905 liquidae
693 831 779 907 sext,
811 831 874 890 sevi
906 831 1024 909 caprini
1050 832 1130 910 pll,

123 937 208 979 cerae
230 919 295 997 lib,
324 918 465 978 aluminis
494 917 579 977 scissi
601 916 665 995 lib,
694 918 847 994 sulphuris
874 918 939 980 vivi
964 920 1018 980 lib.
1046 921 1129 998 s.;in

122 1025 218 1068 unum
245 1007 386 1084 decoquis
414 1009 445 1066 et
471 1008 541 1065 ante
570 1024 682 1082 equum
709 1006 807 1066 scabie
839 1007 1030 1068 laborantem
1056 1026 1129 1086 aqna

123 1097 204 1155 salsa
225 1094 350 1156 lavabis.
386 1095 443 1156 hoc
465 1113 520 1170 per
546 1095 683 1154 triduum
709 1095 757 1153 uti
784 1095 918 1174 debebis3
946 1099 1064 1158 certum
1088 1116 1128 1157 re·
1138 1107 1158 1148 1⁰

123 1183 257 1242 medium
280 1185 333 1242 est.

57 1270 113 1326 661
191 1271 270 1331 Item
301 1271 386 1330 aliud
417 1271 565 1346 apopiras.
607 1271 682 1330 folia
712 1271 940 1349 rhododaphnes
973 1292 1043 1334 cum
1070 1275 1133 1334 oleo

122 1377 233 1436 coques
256 1358 360 1419 addita
382 1359 448 1436 pice
470 1358 588 1435 liquida
611 1377 681 1418 cum
698 1378 778 1419 cera.
817 1361 1021 1422 certissimum
1041 1381 1134 1424 reme·

123 1449 208 1509 dium
230 1452 283 1509 est.

54 1535 113 1591 666
189 1537 268 1598 Item
291 1536 330 1597 ad
351 1531 489 1598 scabiem
524 1554 631 1596 ranam
648 1536 788 1595 rubetam
810 1537 910 1597 occide
927 1541 1048 1599 etcum
1064 1539 1168 1602 virio*¹

122 1630 153 1687 66
176 1645 257 1704 aqua
278 1626 312 1686 in
339 1626 491 1704 sartagine
519 1625 650 1700 decoque
680 1624 805 1701 eiusque
835 1643 908 1686 suco
934 1628 1060 1706 ungit03
1085 1623 1158 1690 vol

121 1715 186 1791 pice
214 1735 283 1775 cum
310 1716 398 1775 melle
425 1715 629 1790 sulphureque
656 1715 687 1771 et
714 1713 779 1772 vini
805 1714 939 1776 faecibus
965 1716 1162 1777 vetenmis

121 1807 152 1863 et
183 1807 312 1864 stercore
345 1803 437 1863 ovillo
469 1800 638 1862 commixtis
670 1803 775 1861 conire,
806 1801 903 1877 pilum
935 1803 1060 1882 fricato,
1085 1798 1164 1866 vel

122 1892 283 1970 sulphuris,
306 1891 431 1968 cedmae,
454 1890 531 1949 turis
548 1889 679 1967 pollinis,
703 1889 920 1970 aristolochiae,
943 1892 1018 1952 nitri
1037 1890 1165 1955 nnoiifl

121 1981 199 2040 binis
217 1981 249 2039 in
268 1980 388 2056 singula
406 1979 549 2055 iumenta,
568 1978 643 2053 picis
660 1978 795 2055 liquidae
814 1979 905 2058 selib,
925 1981 985 2042 olei
1002 1985 1075 2043 sext.
1093 1975 1166 2049 ΙΙ,

122 2067 200 2127 aceti
221 2066 349 2126 heminis
371 2067 464 2125 ternis
488 2066 635 2126 concoctis
658 2069 763 2127 contra
784 2068 882 2143 pilum
903 2070 1027 2149 ungito,
1049 2072 1168 2148 prius

121 2155 288 2233 strigilibus
310 2156 366 2214 aut
388 2154 474 2215 testis
498 2158 672 2230 exasperato
701 2174 812 2231 corpus
836 2157 920 2234 equi;
949 2160 998 2218 vel
1024 2160 1168 2219 haran:

121 2245 204 2303 dines
233 2244 386 2303 combures
420 2245 450 2302 et
481 2243 659 2320 priusquam
690 2244 722 2301 in
753 2245 891 2304 favillam
921 2248 1168 2322 persolvanttss

120 2332 255 2393 sublatas
286 2332 389 2408 pinsas
420 2332 470 2392 vel
497 2334 630 2393 conteres
663 2332 819 2409 cribroque
851 2335 937 2392 tenui
969 2356 1071 2398 cernes
1101 2326 1168 2393 et

118 2421 164 2480 ita
187 2422 252 2482 oleo
275 2421 412 2481 miscebis
436 2422 598 2496 contraque
621 2420 718 2496 pilum
739 2421 908 2484 iumentum
930 2425 1051 2502 unguis.

398 2649 521 2710 XXVII.
567 2649 620 2708 Ad
645 2650 843 2728 lethargos.

332 2772 589 2834 PELAGONIVS
616 2771 815 2833 FESTIANO
841 2774 917 2835 SVO

49 2891 108 2949 666
186 2895 339 2973 Scripsisti
370 2897 445 2956 mihi
477 2915 569 2973 equos
602 2899 671 2956 tuos
702 2897 880 2974 gravissimo
912 2900 988 2961 vitio
1020 2889 1157 2963 vexaris

117 3007 186 3048 nam
211 2990 242 3047 66
269 2986 452 3048 adseverasti
479 2988 511 3046 66
538 2985 711 3061 frequenter
737 2985 834 3046 iacere
863 2991 894 3046 et
921 3006 1038 3066 semper
1064 2990 1155 3050 dor‘

116 3077 190 3134 mire
223 3095 257 3134 66
288 3078 448 3152 propterea
479 3093 533 3133 nec
570 3073 670 3132 cibum
706 3092 811 3150 capere
848 3078 879 3134 66
915 3081 1152 3156 consequenter
1162 3070 1168 3110 ²

116 3164 292 3223 macilentos
314 3164 418 3224 videri.
459 3163 559 3239 passio
585 3163 659 3222 haec
686 3163 787 3240 gravis
814 3165 860 3223 est
887 3168 918 3224 et
946 3161 1150 3228 observanda

187 3352 203 3399 3
222 3347 348 3403 remedii
365 3350 370 3417 1
386 3348 542 3419 attrocius
560 3350 700 3419 coguntur
713 3350 753 3417 116
771 3349 936 3420 perlabatur
953 3355 963 3423 1
981 3359 998 3408 6
1016 3352 1117 3422 scabie
1130 3336 1143 3409 ii

116 3422 149 3471 12
169 3416 336 3472 rododafnes
355 3421 364 3487 11
384 3424 416 3474 17
439 3419 547 3475 fecibus
569 3421 579 3489 11
604 3424 636 3474 16
662 3419 787 3475 effinistie
810 3422 820 3489 11
844 3426 877 3476 16
904 3421 1040 3492 pollinem
1060 3425 1070 3493 11
1091 3417 1138 3477 29

113 3490 202 3541 testes
212 3488 226 3555 11
238 3491 275 3542 24
293 3488 426 3557 cibroqne
441 3491 497 3558 1131
517 3489 695 3546 macillentos
711 3494 717 3562 1
732 3491 785 3545 hec
