2310 3876
458 163 800 261 -198-w

72 320 109 373 M
122 324 173 372 110
187 318 268 372 ronu'.
296 334 426 373 numeros
446 316 593 387 Pelagonii
606 320 715 373 mutare
729 317 816 373 nolui.
830 318 967 389 interpres
983 319 1057 389 ἅμμα

74 397 173 443 νιακαῦ
193 389 307 443 exhibet
324 405 375 457 pro
394 404 505 444 amomo
524 391 557 444 ut
574 389 698 456 videtur,
719 389 827 444 omittit
845 407 968 454 asarum,
988 390 1057 445 eceb·

74 476 160 527 reum,
180 459 391 515 aristolochiam
410 459 536 527 alteram,
555 460 676 514 mutavit
695 461 842 528 praeterea
861 461 990 515 ordinem.

146 531 285 585 suflicit
311 529 493 599 pecoribus
517 549 544 584 n.
564 529 628 600 XII]
655 538 737 584 τοῦτο
760 531 791 584 τὸ
815 531 1058 602 ccreoscereos

75 601 154 667 ζώοιὲ
172 601 287 672 ἁρμόζει
304 601 379 667 ΗΡ;
397 602 463 656 haec
486 601 582 656 omnia
600 602 632 655 ia
649 603 790 671 pulverem
811 603 925 658 reducta
947 604 982 657 ad
1004 597 1059 654 XII

72 675 210 729 dalmalia
223 690 275 743 per
293 673 416 727 ameum
434 672 558 740 sufficere
576 672 741 741 credamur,
758 674 800 727 ita
818 678 850 727 ut
873 689 935 729 cam
951 674 1007 730 ciac
1024 685 1058 739 ομ·

72 746 138 800 timo
157 746 322 814 caperentur
340 743 486 811 Vegetius.

143 815 200 870 455
229 814 326 885 briti]
355 813 424 881 quid
448 812 540 867 subsit
566 812 712 868 incertum.
758 814 885 883 proxime
911 808 1059 868 aceedirrd

72 884 177 940 codicis
196 883 345 940 lectionem
364 886 427 955 brpi
439 885 467 939 h.
483 900 506 938 e.
523 883 609 957 βρύον
629 884 674 952 (cf.
690 883 762 939 Plin.
777 889 835 940 nat.
851 884 918 942 hist.
928 883 1020 939 XXVII
1028 885 1058 936 66.

72 955 176 1010 XXXII
190 958 252 1025 110)
269 955 316 1010 vel
334 957 396 1011 elici
414 956 460 1024 (de
479 954 539 1009 eius
553 956 583 1008 in
597 954 737 1010 medicina
750 972 802 1010 usu
816 956 852 1010 cf,
867 955 939 1011 Plin.
949 955 996 1009 XX
1004 952 1059 1018 ata).
1087 987 1090 993 -

71 1026 120 1150 asir
132 1028 251 1150 ¹radipes
271 1027 344 1081 breti
368 1026 475 1080 arboris
494 1025 578 1095 (Plin.
593 1025 646 1078 XII
661 1026 706 1096 78)
724 1028 773 1080 aut
787 1027 887 1098 brathy
904 1028 943 1097 (h.
958 1043 980 1080 e.
993 1024 1059 1080 herba

72 1098 1058 1306 ξῖἒ41ἶ44186111168114171611116

73 1308 151 1362 berb.
166 1313 208 1362 67.
242 1280 367 1362 Ma’rcell.
382 1307 462 1377 Emp.
480 1313 521 1377 17,
536 1314 579 1363 31.
594 1313 629 1362 ab
648 1309 685 1364 al.
714 1309 748 1363 cf.
764 1309 829 1363 adn.
846 1314 888 1365 14.

141 1379 198 1435 466
218 1377 306 1450 chii]
325 1397 393 1432 num
410 1394 441 1432 re
460 1395 527 1433 vera
541 1378 710 1450 Pelagoniae
729 1380 824 1434 vinam
840 1371 1061 1450 obtemperarit

72 1450 179 1507 dubito.
208 1451 243 1505 ue
262 1451 321 1505 eius
340 1467 393 1505 usu
410 1451 441 1504 in
458 1449 600 1505 medicina
619 1449 653 1505 cf.
668 1449 740 1505 Prin.
755 1449 962 1505 XXX1111104.
1108 1442 1111 1509 1

143 1522 198 1578 467
228 1520 390 1592 ragadios
411 1553 442 1561 —
462 1520 652 1591 tollendos]
678 1519 876 1591 corrigendum
898 1524 968 1592 puto
986 1514 1063 1574 autin

76 1595 198 1664 repedas
225 1594 281 1662 (vel
314 1593 440 1662 ragades)
470 1623 503 1632 -
527 1593 661 1649 tollendae
690 1593 750 1660 aut,
784 1595 816 1647 ut
844 1608 931 1662 supra
959 1592 1000 1647 est
1018 1590 1065 1650 161,

72 1665 193 1734 ragadia
212 1695 246 1704 -
264 1664 393 1719 tollenda.

143 1735 281 1804 saponis
305 1733 467 1804 Campani
490 1732 581 1802 pilas
604 1732 668 1804 XX]
688 1749 757 1804 sape
777 1731 903 1788 Gallicus
922 1732 1065 1788 notissimae

71 1806 113 1859 est
138 1805 220 1875 (Plin.
239 1804 357 1860 XXVIII
379 1811 438 1861 151.
476 1803 601 1859 Marcell.
622 1812 651 1870 6,
670 1810 704 1859 81
729 1821 803 1874 saep.
846 1804 924 1860 Cass.
943 1803 1018 1859 Felix
1035 1803 1066 1856 16.

73 1875 252 1931 Theomnest.
267 1874 407 1944 Hippiatr.
423 1894 449 1945 p.
467 1877 524 1944 69),
549 1873 707 1944 Campanus
728 1873 776 1928 hic
799 1875 920 1944 primum
947 1877 1068 1944 quantun

71 1946 153 2002 video
173 1948 323 2014 comparet.
352 1946 387 2000 ci.
396 1947 475 2014 pilae
493 1946 647 2001 Mattiucac
664 1945 803 2000 Martialis
824 1951 865 2014 14,
880 1952 923 2000 21.

144 2015 201 2072 458
230 2015 335 2070 similla
353 2031 437 2083 supra
457 2020 593 2072 126.129.

142 2086 199 2140 469
231 2101 286 2139 non
318 2084 467 2140 cohaerere
500 2101 564 2139 cum
597 2086 789 2155 superioribus
822 2087 1004 2143 manifestum
1029 2085 1070 2139 ost

69 2156 149 2226 potio
175 2157 218 2210 est
240 2155 276 2208 ad
299 2153 402 2210 colicos
425 2154 501 2225 (vide
520 2172 580 2225 cap.
595 2157 685 2227 XXI),
708 2175 764 2214 non
787 2157 824 2212 ad
850 2156 918 2213 colli
946 2159 1069 2214 dolorem.

77 2228 186 2280 cocleas
205 2225 357 2282 Germanas
376 2225 494 2282 adhibet
511 2226 611 2296 Veget.
624 2227 651 2281 H
665 2234 708 2296 18,
725 2234 757 2284 17
776 2229 821 2297 (cf.
835 2229 936 2298 fragm.
951 2235 1004 2285 668
1020 2241 1074 2283 cun

72 2298 188 2368 adnot).
207 2297 286 2364 V18,
301 2305 325 2352 2.

141 2369 199 2426 466
218 2370 252 2426 cf.
268 2377 309 2425 77.

140 2441 196 2498 461
231 2441 322 2497 simile
350 2443 382 2496 Η
409 2446 442 2496 75
471 2440 688 2512 (Hippocratist)
722 2442 826 2510 πίτυρα
852 2438 1007 2509 ἀφεψήσας
1033 2436 1075 2494 καὶ

71 2513 185 2585 σαβαὶνῳ
203 2517 293 2576 καλῶς
311 2509 442 2575 ἐκπιέσας
460 2511 600 2580 ἃιήθησον
623 2510 672 2565 καὶ
695 2513 780 2581 μίξας
802 2509 965 2581 deputaretur
991 2511 1076 2567 ἔλαιον

71 2585 162 2651 δίδου,
173 2584 380 2653 φυλαττόμενος
389 2584 425 2654 μὴ
434 2582 517 2646 λέπος
531 2579 702 2654 ἒναπομείνμ
711 2591 767 2636 τῶν
776 2581 908 2652 aerioma.
920 2582 955 2637 cf.
967 2583 1077 2638 Eichen-

71 2654 131 2707 feld
148 2656 248 2708 Annal.
263 2654 384 2709 Vindob.
399 2660 434 2708 44
449 2673 476 2723 p.
492 2660 551 2710 148.

141 2723 198 2777 468
222 2723 415 2795 glutinosa]
439 2723 658 2795 seilicetpolio,
679 2740 764 2795 supra
787 2729 822 2779 84
844 2723 1030 2795 platiaaiort‘u
1045 2721 1078 2778 ad

71 2794 166 2862 colcos,
186 2799 238 2848 368
252 2795 332 2864 potio
349 2796 497 2863 glutinosa.

143 2865 266 2921 bulbos
284 2863 490 2936 Megaricos]
508 2865 626 2921 redeunt
644 2866 674 2919 in
698 2863 903 2934 compositione
922 2864 995 2935 πρὸς
1013 2866 1080 2938 βῆχα

71 2935 109 2990 M
125 2943 157 2992 77
177 2936 241 3009 oqs'
268 2937 385 2990 fortasse
413 2935 604 3004 Pelagoniana
634 2936 710 3007 (vide
728 2938 828 3004 fragm.
852 2935 945 3005 480*).
971 2936 1080 2992 eosdem

72 3011 139 3075 post
158 3010 292 3065 Catonem
311 3007 357 3078 (de
376 3007 461 3078 agric.
476 3012 500 3074 8,
516 3013 545 3075 2,
568 3006 618 3061 ubi
640 3009 710 3062 nota
733 3005 838 3061 codicis
862 3003 1002 3061 Marciani
1028 3007 1078 3060 leo·

70 3078 359 3203 {prprpbmaparr'cosl
379 3077 522 3134 celebrant
546 3077 655 3133 Colum.
670 3079 695 3133 X
712 3083 775 3147 166,
794 3075 866 3132 Plin.
879 3093 907 3129 n.
923 3076 949 3130 h.
966 3077 1080 3132 xlxee.

142 3221 176 3272 et
208 3222 320 3275 omnia
352 3221 463 3292 tegas]
495 3218 589 3274 nescio
618 3237 655 3274 an
688 3216 790 3274 melius
821 3216 962 3272 scribatur
989 3220 1081 3275 viarm

71 3295 159 3344 actua
177 3291 242 3346 hacc
264 3293 357 3347 omnia
379 3294 445 3347 teris
462 3296 487 3346 et
510 3291 547 3346 ad
569 3291 665 3345 tertius
688 3291 795 3361 segub,
818 3305 990 3358 quamquam
1013 3303 1081 3358 quae

71 3359 179 3416 tradita
198 3363 264 3415 sunt
280 3362 348 3416 ferri
365 3380 447 3432 posse
466 3361 689 3429 concedendum,
714 3359 782 3430 quia
802 3360 919 3430 propter
940 3360 1082 3429 glutinosa

73 3432 261 3503 superstitiosi
278 3432 454 3501 praecepisse
473 3432 603 3487 videntur
621 3437 654 3486 ut
675 3448 711 3485 nc
730 3436 826 3502 aperte
850 3433 1039 3498 coquerentur
1054 3429 1082 3484 in

67 3504 126 3559 olla
142 3506 195 3561 aut
213 3503 340 3574 caccabo,
361 3504 411 3560 sod
429 3506 601 3569 tegerentur.
