2310 3876
357 846 802 923 COMMENTARIVS.

142 1123 184 1177 De
212 1121 334 1192 epistula
361 1123 399 1176 ad
425 1123 577 1193 Arzygium
600 1122 688 1179 missa
711 1123 742 1179 in
759 1127 943 1194 praefatione
960 1145 986 1198 p.
1000 1133 1065 1195 lisa

72 1192 180 1247 dictum
198 1195 249 1248 est.
284 1192 409 1262 capitum
423 1192 473 1263 qui
487 1194 614 1263 seqnitur
626 1193 712 1250 index
724 1194 780 1250 etsi
793 1213 853 1252 non
866 1197 1065 1269 Pelagoniam

72 1265 551 1392 tetelptmttltlrlttt‘
564 1266 1065 1407 ltttttdlatltlult

75 1423 149 1476 quae
167 1407 198 1461 in
220 1406 313 1462 indice
336 1424 393 1463 non
415 1407 614 1477 respiciuntur,
638 1411 784 1490 tamquam
806 1410 956 1479 appendix
978 1410 1066 1467 aaut

71 1480 144 1545 sunt,
175 1482 207 1534 ut
224 1479 330 1534 factum
356 1479 484 1534 ridemus
510 1477 541 1533 in
567 1477 624 1561 Hip
644 1476 752 1533 iatncis
780 1480 809 1533 et
838 1481 918 1550 apud
941 1481 1066 1555 Vegetio!

73 1549 134 1618 (lib.
149 1551 208 1619 VI).
244 1566 334 1619 neque
349 1551 424 1605 enim
442 1549 595 1604 remedium
609 1496 682 1603 rfiud
699 1547 737 1604 ad
749 1550 881 1606 morbum
895 1551 958 1609 siva
976 1552 1011 1609 ad
1020 1568 1065 1607 nn·

74 1621 139 1675 bras
158 1621 345 1692 expulsandas
364 1622 399 1677 de
423 1621 534 1677 stabulo
557 1624 623 1687 451,
646 1622 679 1675 ut
701 1620 884 1677 Sarohianins
909 1624 1065 1681 videtum

72 1690 165 1760 luisse,
184 1693 272 1747 totius
292 1692 392 1761 capitis
409 1689 556 1760 inscriptio
579 1691 634 1759 eat,
654 1690 703 1745 sed
724 1692 831 1747 lemma
853 1692 941 1750 unius
962 1690 1066 1751 mmcd

144 1763 236 1832 Caput
254 1763 329 1830 quod
347 1780 462 1818 numero
482 1778 579 1817 carens
597 1760 782 1843 praefationis
800 1762 892 1819 instar
909 1765 983 1836 ipsis
998 1760 1065 1821 madi·

73 1833 228 1913 caminibus
243 1832 458 1913 morborumque
473 1831 708 1902 descript1onibus
722 1832 910 1902 praemissum
924 1838 971 1891 est
978 1832 1067 1891 salsa

71 1904 1067 2048 ltetutiltsllltttltltlitat‘slttttttgltl’ff

69 2041 162 2095 totum
180 2041 238 2096 fere
258 2041 430 2098 columellae
448 2043 533 2097 debet
551 2045 671 2114 scriptor
689 2046 793 2100 noster.

142 2113 158 2166 l
185 2111 243 2168 Col.
258 2112 297 2167 VI
311 2118 355 2181 29,
369 2119 387 2168 4
405 2116 516 2168 secutus
535 2115 651 2170 Varron.
666 2129 719 2170 rer.
732 2118 800 2170 rust
815 2115 842 2170 Π
858 2121 884 2182 7,
897 2122 924 2173 7.
940 2125 966 2174 3.
1002 2116 1066 2173 esu-

69 2179 198 2252 genium,
225 2201 282 2238 non
309 2181 492 2240 Columellam
518 2184 654 2256 Vegetius
682 2184 831 2256 exscripsit
845 2186 885 2241 VI
898 2193 925 2255 5,
940 2194 1018 2245 2—a
1041 2186 1068 2243 ei

69 2257 230 2382 pfflftgrefv
241 2256 379 2325 Apsyrtus
407 2256 546 2327 Hippiatr.
565 2275 592 2326 p.
607 2263 672 2325 226,
701 2256 826 2327 Geopon.
840 2256 907 2313 XVI
922 2267 948 2328 1,
965 2264 1065 2325 11-11,

133 2343 177 2383 a.
246 2333 279 2381 13
303 2334 328 2384 9.

141 2397 231 2454 circo
260 2370 434 2468 sacrisque
463 2397 721 2469 certaminibus]
747 2398 782 2454 ci.
802 2398 862 2454 Col.
877 2399 918 2454 VI
937 2407 988 2471 27,
1006 2406 1019 2455 1
1035 2402 1066 2455 cst

71 2470 140 2523 esim
158 2486 287 2541 praerosa
303 2472 435 2526 massa
453 2486 523 2540 qaae
540 2470 612 2525 circo
629 2472 768 2540 sacrasque
785 2471 985 2528 mammas
1001 2484 1069 2543 cosa

65 2541 195 2608 praeben
222 2540 321 2610 Veget.
336 2541 375 2595 VI
389 2546 449 2609 6‚2
476 2557 542 2596 aum
568 2545 601 2595 at
626 2541 728 2596 eiliom
754 2541 911 2597 ιιινίειιιία
932 2547 1069 2607 tuom,

69 2624 149 2677 eques
167 2611 257 2665 tribus
269 2613 364 2666 assius
376 2612 418 2666 ccl
430 2613 547 2667 maxim
560 2612 725 2666 messala
740 2616 860 2667 comat:
873 2614 1068 2682 pressissem

68 2679 142 2733 sellis
161 2678 231 2749 (Col.
255 2682 289 2736 de
311 2679 477 2736 admissario
496 2681 535 2735 VI
547 2687 616 2750 27‚9
640 2682 715 2752 isqm
743 2683 918 2739 admissurae
941 2688 1008 2754 post
1027 2683 1070 2740 ts·-

69 2755 173 2807 matum
190 2768 273 2822 usque
291 2753 323 2806 ι’νι
341 2768 429 2808 anuos
446 2753 547 2824 eisteti
560 2754 721 2822 pleromate
739 2753 854 2809 idoneus
871 2756 931 2823 est).

140 2823 246 2878 medii
264 2823 383 2878 dentes
399 2823 608 2894 superiores]
625 2821 781 2879 Columella
793 2823 875 2879 addit
887 2830 914 2881 et
927 2827 1071 2894 inferiora,

69 2911 135 3019 ιᾶιοὶκ
160 2896 275 3021 mlollares
301 2896 453 2965 superiores
480 2899 505 2950 et
531 2894 677 2962 inferiores
709 2893 796 2949 codex
828 2894 1072 2966 sangermanensis

93 2983 185 3023 cume
210 2984 251 3022 ae.

140 3039 209 3092 uisi
231 3056 249 3093 a
268 3035 498 3092 subtilissimo
517 3052 605 3104 usque
623 3035 845 3108 addiscimus]
867 3038 976 3094 omittit
999 3038 1072 3094 Colu-

70 3104 161 3160 mella
191 3107 389 3178 Vegetiussicz
403 3113 558 3177 aecpostea
571 3113 636 3177 qast
649 3109 937 3164 assamsatssiri
949 3110 989 3165 od
1052 3123 1073 3162 ιι

66 3181 155 3241 potest
171 3179 230 3232 atsi
251 3180 339 3247 siquis
364 3179 438 3243 aliis,
456 3195 525 3247 quoe
542 3194 609 3233 osas
632 3178 747 3234 edocuit.
784 3177 820 3232 cf.
833 3179 973 3248 Apsyrtos
1021 3179 1071 3249 ‘pp

68 3259 96 3311 p.
112 3251 163 3300 227
182 3245 231 3300 sol
250 3249 301 3300 οὐκ
320 3246 377 3302 ἔστι
396 3246 496 3324 ῥᾴδιον
511 3242 748 3317 ἕπιγινώσιιεσθαι
760 3256 816 3302 τῶν
831 3243 901 3303 ἐτῶν
914 3250 965 3305 τὸν
979 3250 1073 3306 λοιπὸν

69 3313 185 3383 χρόνον,
205 3317 328 3386 Geopon.
342 3319 406 3373 XVI
422 3325 447 3388 1,
462 3325 495 3374 16
514 3319 613 3374 τούτου
634 3319 665 3374 el
685 3317 840 3392 συμβάντος
864 3318 959 3376 οὐκέτι
977 3317 1073 3398 &deos

69 3384 262 3456 ἐπιγινώσκειν
273 3387 308 3442 τὰ
318 3385 378 3457 ἔτη,
388 3389 537 3444 Anatolius
547 3392 641 3445 autem
655 3390 786 3445 dentibus
800 3389 932 3446 diffidens
946 3392 1032 3463 Hipp.
1042 3396 1073 3447 55
