2310 3876
558 60 779 126 ..90-

162 331 286 390 XVIIII.
319 330 578 391 Praeeantatio
603 331 646 390 ad
673 347 783 407 equos
810 329 1004 393 hordiatos
1031 351 1050 391 s,

335 420 548 499 tortionem,
571 419 724 496 Apsyrti
747 419 922 495 apopiras
948 422 1009 480 ait.

96 526 153 582 ²⁷3
228 545 335 622 Equus
346 543 457 605 aelmis
468 542 628 604 florinaeus
639 561 725 603 erens
736 544 882 622 cognatos
896 563 985 606 orcus
996 565 1059 606 oreo

166 634 251 693 indit.
294 634 356 694 vidi
379 652 440 693 non
462 651 539 711 nege
561 633 668 708 pedem
691 651 768 710 oreo,
792 632 818 691 si
840 633 1037 713 tertianam,
1059 653 1075 692 s

162 723 273 802 diatuS,
288 723 314 783 si
327 724 433 802 lassus,
453 723 478 781 si
492 721 634 798 calcatus,
653 721 679 779 si
696 720 926 801 vermigeratus,
946 723 974 782 si
991 725 1082 783 vulne:

163 813 189 871 si
211 815 425 891 memoratus,
453 811 479 870 si
501 810 672 886 roboratus,
701 809 728 868 si
754 827 850 886 equus
879 830 942 870 non
970 812 1078 887 poterit

162 901 304 961 nocivum
318 901 390 977 quia
404 900 491 961 video
511 918 622 976 ereum,
640 898 687 956 his
706 897 889 958 carminibus
907 898 976 958 istis
996 901 1077 977 equis
1093 928 1097 951 ι

161 989 334 1048 remedium.
371 989 427 1048 hoe
459 1007 578 1048 carmen
610 987 643 1044 in
670 1004 774 1046 aurem
802 987 940 1046 dextram
974 1007 1050 1065 equo
1080 988 1104 1047 di

163 1070 270 1136 ‘semel
293 1080 392 1154 natus,
416 1077 508 1134 semel
532 1069 730 1135 remediatus'
755 1077 786 1134 et
808 1075 893 1151 spuis
922 1076 954 1135 in
985 1096 1096 1137 aurem:

160 1164 307 1241 mediasti,
332 1164 357 1222 si
380 1164 553 1238 frequenter
574 1163 783 1224 incantaveris

279 1394 346 1453 ·XX.
392 1392 648 1455 PELAGONIVS
676 1392 849 1453 FALERIO
879 1393 957 1455 SVO
986 1396 1055 1455 ΑΙΤ

159 1520 208 1581 De
232 1520 345 1579 muris
369 1518 495 1580 aranei
517 1537 637 1579 morsu
659 1519 718 1577 vel
744 1518 784 1578 de
812 1537 995 1594 percussu
1023 1519 1146 1597 phalae·

11 1621 22 1679 1
394 1609 514 1687 gionis
543 1610 607 1667 aut
633 1606 779 1683 viperae
805 1624 935 1666 morsu.

93 1728 150 1786 279
226 1733 295 1793 Mus
309 1751 437 1792 araneus
460 1732 621 1809 perniciem
640 1749 732 1806 quam
754 1729 861 1789 tulerit
883 1747 938 1791 sno
963 1752 1085 1810 corpore
1100 1729 1147 1790 luit

160 1842 230 1881 nam
253 1822 365 1881 animal
392 1821 493 1896 ipsum
521 1822 586 1880 oleo
613 1837 745 1879 mersum
771 1821 897 1879 necatur
923 1823 956 1880 et
983 1841 1054 1882 eum
1074 1822 1148 1896 impu·

159 1910 276 1987 truerit,
299 1908 465 1968 conteritur
492 1926 587 1983 eoque
609 1907 803 1968 medicamine
831 1908 1014 1986 quandoque
1041 1925 1149 1971 morsum

159 1997 253 2055 muris
273 1995 375 2054 aranei
393 1994 511 2071 inlinis3
529 1996 578 2055 vel
597 1995 623 2054 si
641 1996 672 2054 id
686 2015 745 2056 non
764 1997 817 2075 est,
836 1997 993 2072 eyminum
1006 1997 1148 2060 conteritur

159 2101 254 2160 eoque
277 2082 399 2141 additur
421 2082 564 2160 exiguum
591 2083 667 2159 pleis
695 2085 827 2161 liquidae
850 2079 925 2164 (et)
948 2088 1106 2166 asmngiae¹
1123 2084 1148 2141 ut

158 2173 304 2231 lentorem
331 2171 524 2250 malagmatis
551 2171 674 2231 habeat:
702 2173 877 2250 impositum
907 2176 1072 2250 perniciem
1097 2171 1147 2234 sul

156 2263 265 2320 movet.
281 2260 329 2320 vel
344 2261 369 2319 si
382 2263 546 2337 antequam
555 2264 658 2321 tumor
669 2262 857 2341 discutiatur,
872 2261 904 2321 in
918 2265 1147 2341 suppurationem

158 2351 350 2428 converterit,
375 2351 523 2427 optimum
546 2353 592 2410 est
614 2350 703 2428 ignea
721 2351 834 2410 lamina
852 2351 1015 2413 collectum
1036 2365 1147 2414 resecare

156 2441 188 2498 et
211 2440 355 2517 quiequid
381 2439 484 2500 vitiosi
511 2442 557 2499 est
583 2439 701 2498 inurere
730 2442 821 2516 atque
846 2439 918 2516 .piee
951 2441 1070 2519 liquida
1098 2455 1149 2501 eun

156 2530 221 2589 oleo
245 2530 339 2589 linire.

90 2609 149 2666 28⁰
224 2619 281 2677 Est
303 2617 396 2677 etiam
417 2634 558 2693 praesens
580 2616 753 2694 remedium,
776 2636 813 2676 ne
837 2635 933 2695 equus
952 2637 1055 2679 morsu
1072 2613 1148 2678 muris

157 2707 258 2766 aranei
282 2706 483 2783 contingatur.
522 2705 634 2764 animal
656 2705 761 2765 vivum
783 2708 864 2765 erata
891 2705 1014 2784 figulari
1041 2708 1146 2768 eireun·

157 2795 255 2873 datnr,
280 2813 357 2871 quae
380 2813 449 2853 eum
467 2793 645 2872 induruerit,
669 2795 746 2854 eollo
764 2795 880 2870 peeoris
898 2797 1098 2871 suspenditur.
1123 2805 1148 2850 es

156 2903 203 2944 res
226 2885 382 2945 innoxium
404 2900 495 2960 pecus
519 2902 537 2942 a
560 2900 663 2942 morsu
684 2882 779 2940 muris
803 2883 905 2943 aranei
927 2885 1059 2959 praebet.

88 2964 144 3020 281
221 2975 299 3034 Item
322 2975 360 3034 ad
382 2990 516 3032 mersum
538 2970 633 3030 musis
657 2970 766 3029 aranei.
803 2989 871 3030 mus
899 2990 1027 3032 araneus
1051 2969 1148 3049 quanta

152 3086 279 3094 —--—-—...
283 3089 330 3094 --.-
338 3088 366 3094 .-

225 3147 238 3194 1
258 3142 432 3210 preeantatio
445 3143 485 3211 112
505 3138 611 3208 absyrti
624 3141 634 3210 fl
647 3144 665 3193 4
679 3141 715 3194 nd
730 3154 801 3208 nego
817 3140 822 3208 Ι
838 3139 964 3195 ordiatue
976 3143 988 3211 Ι
1002 3148 1017 3198 7
1032 3138 1147 3196 nocivum

152 3211 219 3279 quia
237 3211 296 3264 vidi
314 3213 366 3279 (nel
383 3211 476 3278 video)
496 3227 592 3265 orsum
609 3209 654 3264 his
672 3209 821 3265 Buecheler
839 3210 915 3266 Mus.
932 3211 1020 3268 Rea.
1035 3216 1079 3281 45,
1092 3208 1149 3265 333:

152 3283 266 3336 Noetnd
285 3282 351 3348 quia
360 3279 458 3334 uideor
467 3286 503 3335 eu
512 3279 547 3334 iis
562 3281 590 3336 R
603 3282 613 3349 l
628 3286 661 3335 12
671 3279 850 3350 palangionis
864 3282 874 3350 fl
889 3287 921 3336 13
931 3281 1029 3353 uipere
1042 3278 1052 3354 fl
1067 3278 1148 3338 lein·

151 3349 317 3421 putaueritu
333 3356 365 3406 18
384 3348 491 3417 liquide
510 3354 579 3432 {1024
597 3367 712 3421 presens
734 3352 744 3419 ΙΙ
766 3355 801 3404 25
820 3350 998 3408 eueundatnr
1015 3369 1069 3424 que
1090 3353 1100 3423 Ι
1119 3347 1146 3403 sl

150 3424 251 3492 prebet
