2348 3878
457 121 675 184 ..70-

59 287 160 343 vetus:
188 285 261 344 haec
293 302 362 343 cum
394 301 465 344 suco
494 284 610 342 tisanae
638 287 724 344 cocta
752 284 935 362 madefacta,
965 285 1069 344 deinde

59 372 154 431 viride
182 373 372 432 coriandrum
399 372 473 432 bene
500 372 609 431 tritum
636 390 707 432 suco
735 373 851 432 tisanae
879 374 978 434 colato
1006 393 1071 449 per·

59 460 165 520 misces
188 463 219 521 et
241 461 342 520 triduo
365 461 543 536 potionabis.

334 691 384 750 XI.
427 689 541 749 Curae
571 691 613 748 ad
640 690 797 749 flemina.

5 807 52 862 lca
128 814 265 873 Flemina
287 815 365 874 ferro
389 815 534 873 candente
557 816 710 892 curantur,
732 815 859 873 vulnera
878 815 957 872 sicut
976 818 1074 874 cetera
1103 828 1119 868 5

59 904 130 960 usta
153 906 305 961 curantur.
344 903 422 962 solet
448 906 480 960 et
507 902 620 978 sagitta
647 921 769 962 muccus
798 903 851 979 qui
877 903 957 962 inest
984 903 1074 980 mitti,

60 993 134 1049 tunc
153 991 280 1068 spongia
303 992 426 1065 insuper
453 1010 489 1048 ex
517 993 600 1050 aceto
628 991 759 1051 laserato
782 995 813 1050 et
839 991 956 1051 marino
980 992 1074 1067 impo-

60 1079 150 1136 nitur.
188 1081 308 1155 postero
332 1079 380 1138 die
404 1079 563 1154 collyrium
585 1079 750 1157 inducitur,
779 1080 860 1156 quod
886 1080 1074 1158 vessiculam,

60 1186 139 1242 quae
162 1186 301 1226 muccum
331 1167 494 1244 continuit,
524 1168 675 1246 extrahat,
705 1168 791 1227 cuius
818 1170 892 1227 haec
920 1171 967 1228 est
996 1188 1074 1228 com-

60 1255 185 1330 positio:
208 1256 320 1314 cummi
338 1256 581 1315 hammoniacum
600 1260 684 1316 aceto
703 1257 765 1316 acri
783 1257 980 1316 commixtum
1002 1258 1074 1317 levi·
1105 1270 1136 1310 1⁰

64 1343 150 1421 gabis
174 1347 266 1421 atque
290 1346 352 1404 sole
376 1345 530 1424 siccatum,
554 1346 680 1422 collyria
701 1345 802 1405 facies

5 1426 55 1481 194
132 1432 181 1491 Ad
193 1434 326 1492 recentia
344 1433 465 1494 flemina
484 1453 562 1511 quae
576 1435 639 1493 sine
657 1435 781 1494 vulnere
801 1437 954 1494 curantur.
977 1435 1078 1494 cancri

62 1541 90 1596 p.
110 1521 154 1600 II,
178 1523 301 1601 galbani
324 1522 423 1600 selib,
447 1523 563 1582 resinae
593 1522 812 1582 terebinthinae
835 1555 872 1564 —-
894 1523 970 1600 1111,
998 1523 1078 1581 turis

61 1612 138 1686 cyat.
162 1611 239 1689 IIII,
272 1611 345 1670 nitri
378 1612 475 1690 selib,
514 1611 585 1670 salis
627 1615 713 1671 sext:
750 1611 846 1669 mixta
881 1612 1079 1689 levigataque

61 1702 145 1758 aceto
173 1700 334 1760 commixto
362 1700 567 1760 infervescunt
593 1703 624 1759 et
651 1699 749 1759 calida
773 1719 873 1775 panno
897 1700 987 1759 inlita
1012 1720 1076 1759 ma·
1103 1709 1128 1750 15

59 1787 202 1865 lagmatis
229 1789 317 1848 modo
341 1788 469 1866 genibus
501 1789 739 1865 circumdantur;
764 1808 842 1865 quae
865 1808 919 1863 per
943 1790 1078 1849 alternos

60 1875 123 1935 dies
161 1877 308 1936 calefacta
344 1880 549 1951 renovataque
586 1876 791 1952 imponuntur.
838 1878 887 1936 vel
918 1877 1078 1936 bituminis

59 1963 177 2022 Iudaici
212 1996 261 2041 —,
295 1964 408 2039 sinapis
441 1964 562 2022 seminis
597 1997 646 2042 —,
680 1965 910 2040 rhododaphnes
939 1999 983 2007 —
1007 1986 1078 2026 cum

60 2051 391 2128 axungialevigantur
413 2055 504 2129 atque
524 2051 612 2110 inlita
640 2054 765 2130 genibus
790 2055 1003 2130 imponuntur3
1027 2055 1075 2114 vel

58 2139 146 2198 filicis
168 2139 254 2197 radix
282 2158 351 2198 cum
374 2141 506 2218 axungia
529 2141 624 2200 veteri
647 2145 677 2201 et
704 2162 774 2202 ervo
798 2162 868 2202 cum
891 2145 977 2204 aceto
1001 2144 1074 2203 levi·
1088 2151 1114 2194 2⁰

58 2229 145 2304 gata;
186 2228 235 2286 vel
272 2227 385 2304 sinapis
426 2228 621 2288 Alexandrini
655 2231 755 2308 selib,
792 2231 939 2290 nasturcii
981 2232 1072 2308 selib,

60 2314 130 2392 <fici
152 2316 245 2375 Afrae
265 2311 385 2395 selib.>,
416 2317 487 2376 salis
507 2351 548 2358 —
564 2312 652 2396 <11>,
671 2319 820 2396 axungiae
848 2320 959 2379 veteris
987 2321 1072 2396 libra,

60 2403 138 2463 aceti
161 2404 242 2481 quod
265 2406 340 2465 satis
363 2410 416 2465 est.

9 2501 47 2557 95
125 2492 204 2553 Item
227 2494 311 2552 aliud
334 2495 373 2554 ad
401 2495 529 2553 flemina.
567 2495 700 2554 caustico
728 2496 875 2555 exsiccato
903 2499 1070 2572 temperato

59 2599 139 2655 aqua
161 2582 273 2660 frigida
297 2585 327 2642 et
349 2583 496 2659 imponito
520 2584 677 2660 spongiam
696 2587 780 2643 aceto
799 2585 1002 2645 madefactam
1020 2595 1103 2661 pera

57 2669 262 2742 quatriduum.
305 2674 414 2746 quarto
443 2672 489 2730 die
521 2672 651 2731 farinam
676 2673 867 2732 hordeaciam
894 2692 965 2732 cum
993 2693 1071 2750 aqua

57 2755 213 2837 imponito,
237 2777 334 2834 usque
358 2779 427 2818 cum
448 2760 560 2819 wdnus
583 2761 752 2820 cicatricem
776 2761 881 2838 ducat,
906 2762 976 2821 inde
1001 2763 1071 2821 mali

72 2976 77 2986 Ι
122 2915 145 2988 ,6
164 2910 255 2964 mittit
268 2911 277 2981 ll
293 2916 308 2965 7
327 2926 451 2980 spongea
466 2915 471 2973 1
486 2909 632 2982 inponitur
646 2913 655 2981 i
669 2919 685 2967 8
704 2911 831 2966 induitur
852 2915 892 2982 l9
916 2930 970 2981 que
987 2918 992 2981 1
1008 2931 1071 2968 con-

55 2976 145 3032 tmmt
167 2981 263 3038 Sarcb.
288 2981 425 3036 conticuit
445 2982 473 3036 R
491 2983 501 3050 ΙΙ
529 2988 561 3036 10
587 2987 622 3037 cd
646 2982 798 3036 miamonia
825 2987 860 3039 cii
883 2985 892 3052 ll
917 2991 949 3037 12
979 2983 1071 3039 cancri

51 3062 78 3134 p.
89 3046 117 3100 11
132 3050 159 3104 R
186 3051 223 3106 νά
242 3049 412 3122 ρνος’λίτρας
422 3049 452 3125 β’
463 3055 498 3108 H
500 3053 528 3107 P
539 3055 549 3123 l
564 3059 596 3106 13
608 3053 717 3107 resinae
731 3052 926 3108 terebentinae
937 3085 971 3094 -
982 3055 1035 3108 illl
1045 3056 1071 3109 R

52 3120 168 3188 ρητίνης
201 3073 295 3193 idaeae
327 3121 356 3176 d'
391 3124 458 3178 ΗΡ
489 3125 494 3192 Ι
538 3122 622 3194 turis]
655 3122 771 3196 λιβάνου
800 3124 920 3192 ἀλεύρου
949 3129 1071 3194 λιπαρω-

51 3182 135 3268 τὲννν
146 3193 226 3264 HPp
241 3203 273 3248 15
297 3193 422 3264 callida!
438 3193 616 3249 malacmatis
630 3196 640 3263 ss
656 3200 687 3248 16
708 3196 791 3264 quae]
808 3213 835 3262 q.
849 3196 878 3250 R
910 3200 940 3250 et
957 3198 1053 3252 Sarcb.
1063 3196 1072 3265 'l

53 3260 87 3310 1⁷
106 3268 302 3334 mponunturll
319 3270 351 3319 18
375 3265 479 3320 iudeici
501 3267 505 3334 Ι
532 3264 631 3334 senapi
651 3268 656 3332 Ι
680 3264 868 3319 rhododafnes
892 3268 901 3332 ΙΙ
925 3273 959 3321 20
978 3269 1059 3324 radix

47 3329 109 3383 θοή
126 3333 164 3386 ai:
184 3336 279 3391 aridae
298 3337 327 3391 R
361 3334 495 3408 (βλάχνον
515 3333 595 3405 ῥίζαν
615 3337 659 3406 H)
676 3337 680 3404 Ι
697 3337 784 3390 herbo
798 3338 808 3405 ΙΙ
822 3343 854 3390 21
875 3339 1003 3391 nasturci
1017 3342 1027 3407 ΙΙ
1041 3343 1074 3391 22

48 3390 96 3450 ῙΜ
135 3421 176 3458 ων
195 3401 303 3478 Ἄφρων
319 3413 354 3478 pc
378 3404 419 3474 ἓξ,
438 3407 539 3471 dictos
557 3413 591 3476 γὸ
612 3406 640 3479 β’
661 3406 727 3460 HP
745 3413 750 3473 Ι
770 3406 894 3476 axungia
915 3411 925 3476 ΙΙ
946 3415 982 3462 24
1004 3413 1075 3464 tem·

101 3471 254 3545 ⁸112me
264 3477 398 3551 inponite
415 3480 427 3550 l
443 3485 477 3535 27
496 3477 625 3550 inponilo
