2310 3876
109 322 161 380 VI.
200 320 313 380 Curae
344 326 380 381 et
407 322 605 383 medicinae
633 322 679 381 ad
705 326 843 386 tusses
876 348 1003 389 omnes
1030 325 1120 388 aelel

340 411 477 490 vulsos,
505 411 678 488 apcpiras
702 412 912 494 Pelagon‘a

326 535 582 596 PELAGONIVS
618 535 808 597 ARZYGIO
848 540 931 600 ΑΙΤ

63 668 98 723 ll
176 660 272 719 Arum
301 661 451 721 Gallicum
478 659 581 718 tundis
608 662 640 718 et
666 678 786 738 purgas
816 662 852 721 in
883 665 956 741 pilo
983 682 1120 726 marmom

110 752 141 806 εὴ
164 750 265 828 iungis
289 751 451 827 axungiam
474 751 604 808 veterem
627 751 658 807 et
681 748 776 807 simul
802 751 862 810 diu
889 756 1003 814 tundis
1025 758 1055 815 et
1069 752 1120 813 nd

108 839 259 915 pastillos,
289 857 364 914 quos
393 838 424 895 in
451 839 540 897 melle
568 839 599 896 et
630 837 696 896 cleo
724 839 756 896 et
785 858 886 914 passo
919 847 955 903 εὴ
983 845 1048 904 ovis
1069 842 1121 901 ben

108 926 281 984 mixturalis
304 927 419 1003 linguis
442 929 473 984 el
495 947 549 1002 per
571 925 707 984 triduum
734 926 846 1008 deicis,
879 935 944 990 aut
967 932 1121 993 resolvisd

108 1033 163 1087 per
185 1031 277 1071 comu
301 1012 393 1071 dabis.

62 1109 97 1162 72
174 1100 251 1158 Item
274 1101 357 1158 aliud
380 1101 508 1160 Emerili
530 1102 729 1162 mulomedici.
772 1103 868 1165 fabae
899 1109 1021 1189 fresae,
1044 1109 1073 1168 id
1090 1108 1121 1167 εὴ

106 1188 284 1265 lomentum,
311 1188 401 1246 -VI
424 1188 558 1246 infundis
587 1190 619 1246 in
642 1191 724 1267 passi
752 1195 827 1251 sext.
852 1194 907 1254 ΙΠ
933 1201 968 1256 et
991 1196 1121 1257 mitnsn

106 1276 284 1336 mortarium
310 1277 422 1354 piperis
450 1295 546 1355 grana
572 1278 655 1337 XXX
682 1282 713 1338 et
739 1281 828 1340 teres.
878 1284 964 1345 item
995 1287 1121 1364 adiunge

106 1366 169 1425 sevi
191 1366 298 1425 hircini
321 1367 372 1426 lib.
396 1369 427 1426 el
448 1367 521 1426 teris
544 1366 644 1446 simul,
672 1371 779 1443 postea
803 1370 959 1452 adiungis
984 1380 1017 1436 εὴ
1039 1374 1121 1434 fahan

106 1456 237 1516 infusam
261 1476 329 1516 cum
352 1475 440 1534 passo
468 1459 499 1516 εὴ
527 1457 627 1515 omnia
655 1456 746 1514 simul
775 1456 951 1536 diligenter
976 1464 1121 1524 decemo

106 1567 160 1622 per
183 1566 276 1607 cornu
299 1547 384 1607 dabis
408 1546 518 1606 triduo.

59 1643 95 1697 73
171 1637 249 1695 Item
272 1637 363 1694 alind.
404 1637 437 1693 in
458 1636 529 1695 vino
552 1634 647 1693 veteri
669 1633 810 1693 infundes
833 1635 946 1696 fabam
975 1643 1008 1699 εὴ
1030 1642 1139 1718 poslcu

105 1723 214 1783 deteris
247 1724 388 1782 adiuncto
422 1724 499 1799 oleo,
534 1726 655 1782 tantum
688 1723 838 1798 quantum
872 1725 1012 1801 duplum
1043 1726 1118 1789 fuen'l

104 1811 221 1886 vinnm,
249 1810 280 1867 id
308 1812 353 1866 est
379 1811 416 1866 ul
444 1809 505 1866 sint
527 1811 590 1868 vini
618 1810 740 1870 sextarii
757 1810 818 1888 ΠΙ,
845 1811 940 1873 fabae
973 1818 1118 1891 senarius,

105 1898 163 1955 olei
196 1895 355 1953 sextarius:
388 1894 461 1953 haec
495 1899 595 1957 omnia
625 1899 715 1958 simul
747 1898 859 1958 deteris
894 1905 926 1960 εὴ
962 1904 1052 1965 dabis
1076 1922 1118 1982 per

109 1983 252 2040 triduum.

59 2080 95 2135 74
171 2070 247 2128 Item
275 2069 359 2127 alind
385 2072 477 2130 eliam
504 2074 542 2131 ad
568 2076 678 2134 vulsos,
724 2075 756 2133 in
784 2076 899 2136 conditi
924 2085 1006 2141 sext.
1027 2083 1059 2142 Π
1082 2083 1138 2140 in!

103 2159 205 2216 fundis
229 2161 297 2216 ante
320 2159 456 2220 ln'duum
478 2161 564 2221 fabae
589 2163 663 2221 hem.
689 2167 719 2222 et
742 2164 784 2223 sic
806 2165 885 2224 teres
905 2166 1118 2247 diligentera

108 2246 192 2305 dabis
216 2247 324 2306 triduo.

57 2344 94 2400 75
170 2336 248 2395 Item
267 2337 357 2397 alind.
393 2358 479 2397 arum
498 2338 648 2399 Gallicum
666 2340 769 2398 tundis
784 2341 948 2419 diligenter
966 2349 1002 2405 εὴ
1020 2351 1116 2424 postea

104 2425 275 2485 commisces
308 2427 399 2486 simul
432 2427 555 2486 herbam
581 2428 777 2504 parietariam
804 2432 941 2491 teneram
971 2438 1006 2493 et
1037 2433 1117 2495 simul

103 2514 201 2573 denuo
233 2517 341 2575 landes
375 2516 535 2595 diligenter
563 2516 705 2576 adiuncta
733 2519 866 2596 axungia
898 2522 1006 2581 veteri.
1051 2526 1140 2584 hacc¹⁶

104 2603 203 2662 omnia
227 2603 317 2662 simul
336 2604 432 2663 denuo
451 2605 560 2663 tundes
579 2609 609 2664 et
627 2605 701 2664 facis
719 2607 866 2684 pastillos,
891 2627 970 2684 quos
989 2611 1114 2689 imperes

102 2691 314 2767 pertriduum
337 2691 421 2750 dabis
445 2692 476 2750 in
499 2694 587 2752 melle
612 2696 642 2752 et
664 2693 782 2770 butyro.

57 2787 93 2841 76
168 2780 263 2839 Aliud
285 2781 324 2838 ad
346 2783 460 2840 tussem
480 2781 669 2841 cotidianam.
707 2802 810 2858 porros
830 2783 981 2861 decoques
1002 2793 1035 2847 εὴ
1054 2808 1116 2850 cnm

103 2869 196 2930 herba
218 2869 382 2948 parietaria
404 2869 479 2929 bene
502 2872 593 2928 tunsa
616 2871 788 2930 commisces
817 2875 847 2931 εὴ
873 2873 988 2934 ilerum
1016 2876 1115 2936 lundis

105 2959 136 3015 et
159 2960 233 3019 facis
256 2960 402 3036 pastilloS,
427 2976 502 3034 quos
525 2958 556 3015 in
584 2959 647 3017 ovis
675 2961 706 3016 ec
734 2961 799 3019 oleo
827 2962 943 3022 rosacic
972 2967 1005 3022 et
1031 2971 1144 3041 passo!

105 3048 136 3102 εὴ
157 3049 245 3106 melle
269 3048 353 3107 dabis
376 3067 431 3124 per
452 3046 596 3105 triduum.
634 3066 693 3122 qno
712 3051 814 3106 lamen
832 3049 934 3108 triduo
959 3055 991 3110 εὴ
1015 3071 1116 3114 sucum

177 3238 190 3283 1
209 3230 351 3285 medicina
364 3236 403 3301 113
423 3230 571 3286 ARZIGIO
586 3234 595 3299 ΙΙ
613 3235 629 3283 5
648 3232 818 3300 anxnngiam
836 3237 841 3300 Ι
861 3236 963 3290 tondes
977 3239 1019 3304 Μ
1045 3254 1104 3294 eme

103 3302 180 3370 retiss
196 3307 229 3355 10
247 3303 356 3357 infundi
375 3307 384 3371 ΙΙ
404 3306 437 3355 16
460 3301 504 3357 lm
528 3306 634 3368 quantd
652 3306 662 3371 ss
680 3306 714 3357 20
743 3301 782 3365 εἰς
809 3306 940 3359 κονὸίτου
961 3304 988 3360 ἃ
1009 3306 1034 3377 γ’
1062 3308 1116 3377 Ml}

103 3378 137 3427 25
159 3373 301 3444 auxungia
313 3377 323 3444 ss
337 3380 371 3428 26
389 3373 405 3427 i·
