2348 3878
471 776 812 854 FRAGMENTA.

586 954 693 962 -——--—-

52 1071 124 1128 471‘
200 1063 237 1122 H
252 1065 307 1123 26:
327 1057 423 1122 ’Άλλο
463 1059 516 1123 ἐὰν
533 1059 604 1135 τούς
627 1058 830 1142 ἐμπροσθίους
843 1058 967 1143 άρξηται
984 1059 1131 1142 χωλαίνειν,

134 1144 206 1229 αἷμα
237 1147 358 1231 ἀφαίρει
391 1147 449 1211 ἀπὸ
481 1157 540 1212 τῶν
571 1148 764 1232 ἐμπροσθίων
794 1149 978 1232 βραχιόνων·
1030 1146 1080 1210 ἐὰν
1105 1143 1130 1208 δέ

132 1236 204 1311 τούς
227 1234 397 1316 όπισθίονς,
419 1235 478 1300 άπὸ
501 1246 560 1300 τῶν
584 1247 698 1321 μηρῶν·
740 1235 843 1300 ἐὰνδὲ
862 1235 1002 1324 έλκητὰς
1021 1235 1131 1319 λαγόνας

132 1325 183 1388 καί
204 1327 275 1400 τούς
297 1328 448 1407 μυκτῆρας
465 1324 631 1414 άνεφγότας
649 1325 711 1413 ἔχη,
733 1320 786 1388 ἀπ’
806 1325 982 1408 ἀμφοτέρων
999 1334 1060 1388 τῶν
1075 1345 1131 1406 κρο-

31 1438 36 1447 ·
133 1416 246 1495 τάφων.
271 1408 333 1477 εἶτα
355 1418 499 1497 κννάριον
522 1414 706 1498 έπτυημερον
729 1414 845 1495 ἔφησας
867 1420 964 1489 καλῶς
986 1413 1038 1477 καὶ
1060 1413 1158 1494 μίξαςν

134 1495 226 1587 ούρον
257 1503 363 1579 παιδὸς
394 1502 535 1587 ἄφθορον
566 1504 618 1568 καί
649 1504 734 1567 οἴνου
767 1509 887 1585 πλῆθος
918 1505 1048 1584 κοτύλην
1074 1501 1132 1584 μίαν

134 1592 147 1654 ἒ
182 1618 201 1655 ν
234 1593 310 1666 τις.

51 1689 125 1747 472*
147 1618 182 1676 W
200 1618 244 1744 M
254 1686 316 1744 185
347 1675 405 1764 (=
424 1685 464 1743 M
480 1686 522 1744 τε
546 1676 614 1763 οβ’.
647 1675 733 1765 ιγ’);
756 1677 854 1743 ’Άιιιο
894 1680 1057 1759 δελφάκιον
1077 1675 1136 1760 μιν

132 1772 276 1851 πτισάνης
297 1769 471 1851 γαλαθηνὸν
494 1769 610 1850 ἑψήσας
639 1767 694 1844 ἕως
721 1768 760 1831 άν
788 1770 974 1831 διαλυθῶσιυ
1000 1764 1135 1831 αύτούαί

131 1861 247 1939 σάρκες,
269 1857 302 1919 ἐκ
323 1859 430 1919 τούτου
453 1858 503 1919 διὰ
525 1857 645 1940 κέρατος
668 1856 717 1919 ἐπὶ
738 1856 862 1940 ἡμέραις
884 1857 981 1939 τρισὶν
1004 1857 1086 1940 ἔγχει.
1141 1870 1158 1911 1⁰

52 1956 124 2014 λῖθ’
193 1944 289 2008 ’Άλλο
325 1946 462 2026 πηγάνου
482 1945 595 2026 ὃεσμην
614 1946 733 2029 μικράν,
756 1948 891 2029 σμύρνης
907 1950 945 2027 γό
963 1941 1009 2026 β’,
1032 1940 1131 2023 δαφνό

131 2057 225 2097 κοκκα
248 2029 297 2112 ιε’,
318 2034 446 2113 κυμίνου
468 2035 655 2096 Αίθιοπικοῦ
672 2041 711 2116 γο“
728 2034 770 2118 γ’,
792 2033 892 2097 ἐλαίου
910 2039 1003 2096 καλοῦ
1022 2034 1133 2110 κοτύλης

134 2121 166 2185 τὸ
189 2123 299 2202 ἥμισυ,
323 2121 497 2202 σννεηιησοις
523 2122 594 2203 μετὰ
621 2123 706 2185 οἴνου
734 2122 859 2204 μέλανος
886 2127 1015 2185 παλαιοῦ
1046 2121 1132 2197 ξέστον

132 2209 199 2285 ἐνὸς
221 2209 388 2293 ἐγχυμάτιζε
410 2210 458 2272 ἐπλ
480 2209 603 2294 ἡμέραις
624 2213 729 2293 τρισί.

65 2310 124 2368 474
199 2302 236 2361 H
251 2305 290 2362 31
317 2294 375 2384 (=
390 2303 431 2361 M
443 2304 484 2362 82
499 2295 587 2384 φμ’);
610 2301 804 2382 Πελαγωνίου
822 2298 897 2382 πρὸς
915 2299 1063 2381 βουλσούς
1078 2295 1154 2377 ίμοιύ

135 2389 203 2472 περὶ
224 2389 416 2468 πνευμονίας.
463 2391 607 2471 χοιρίδιον
629 2388 804 2471 γαλαθηνὸν
828 2389 943 2468 σφάξον
966 2395 1132 2470 παρεστῶτος

134 2477 226 2540 ἐκεῖσε
253 2477 369 2558 ἑτοίμου
396 2485 450 2539 τού
477 2475 664 2558 κακουμένου
693 2477 769 2551 ζάον
803 2477 854 2539 καί
881 2476 996 2551 εύθίως
1025 2475 1085 2550 ζέον
1107 2469 1131 2533 τό

137 2562 210 2646 αἷμα
233 2564 308 2647 ἔγχει
329 2571 365 2650 τῇ
389 2567 520 2647 φάρυγγι
542 2566 643 2628 αύτού.

69 2665 127 2723 475
204 2656 244 2714 Μ
270 2657 311 2715 83
335 2649 426 2732 φμαέ
458 2651 583 2736 Ἕτερον
614 2653 689 2738 πρὸς
721 2655 875 2733 πνεύμονα
905 2653 957 2715 καί
988 2651 1130 2735 βουλσούί

136 2742 287 2804 κάλλωσον
323 2742 449 2823 χοίρειον
486 2743 557 2823 μετὰ
587 2744 695 2817 ύδατος
728 2742 874 2821 διεψύσας
904 2742 977 2805 ὥστε
1008 2740 1170 2824 γενέσθαιλῑ

138 2830 210 2893 αὐτὸ
233 2832 276 2905 είς
300 2827 457 2910 ὁμοιότητα
479 2831 596 2911 κόλλης,
619 2842 705 2895 τούτο
729 2831 778 2893 διά
800 2830 921 2913 κέρατος
948 2830 1131 2913 ἐγχυμάτισον.
1168 2836 1170 2911 ξ

70 2932 127 2989 476
202 2922 239 2982 Η
256 2926 294 2983 31
327 2915 438 3004 (-·Μ
450 2914 612 3004 83φμβ)ε
636 2917 725 2982 ’Άλλο
744 2921 786 2993 είς
808 2919 841 2981 τὸ
861 2919 940 2983 αύτό.
977 2919 1130 2998 άπὸζύμηί
1168 2956 1170 2961 -

132 3025 346 3034 ——-——

209 3080 224 3127 3
246 3071 310 3142 ἕλκη
332 3074 412 3142 Plu
430 3072 590 3142 άνεωγότας
613 3070 661 3143 ἐχη
682 3074 710 3127 Ρ
725 3076 735 3145 η
753 3077 770 3127 8
788 3069 935 3142 Δὲλφακιν
954 3073 993 3128 Μ
1006 3075 1016 3142 η
1035 3077 1067 3128 1ό
1082 3067 1130 3136 ἤτοι

134 3195 186 3234 om.
205 3178 242 3231 M
261 3179 270 3247 η
294 3183 327 3232 ιι
345 3159 651 3234 πενιτιιιεγιιοεάιιε
670 3179 697 3232 P
719 3180 723 3248 ι
754 3179 874 3235 τεκνον
901 3179 940 3233 M
975 3179 1055 3235 ανον
1077 3176 1129 3231 νιν
1168 3212 1170 3219 .

135 3255 216 3303 τοῦτο
234 3247 283 3302 καλ
301 3248 371 3318 πρὸς
388 3248 556 3318 λεπτότητος
573 3255 654 3305 ποιεῖ
667 3249 758 3320 ἄκρως
772 3253 781 3321 ΙΙ
797 3255 829 3305 18
847 3256 881 3319 τῇ
902 3251 931 3304 Ρ
942 3250 952 3319 ΙΙ
972 3255 1004 3306 19
1023 3260 1129 3315 πνευμο
1168 3286 1170 3291 -

135 3322 201 3374 νίαν
220 3319 257 3372 Μ
272 3321 304 3374 ι’νν
321 3320 413 3375 indice
435 3321 585 3389 capitwmu
609 3327 642 3376 22
666 3321 762 3377 lemma
784 3323 817 3376 ι“κ
839 3320 878 3375 Μ
896 3322 945 3378 λου
972 3327 1049 3378 ταλαί
1072 3312 1129 3385 τρλι
1168 3336 1170 3341 ·

126 3389 269 3461 βουλσούς
286 3389 349 3458 ἦτοι
366 3389 431 3460 περὶ
449 3392 621 3462 πνενμονίας
1168 3390 1170 3447 ἶ
